4320 5820
1151 473 1239 568 (66
1266 472 1280 572 )

470 651 512 709 ut
533 639 641 737 suprri
657 638 832 729 diximus,
854 636 948 710 duce
964 633 1157 708 immortali
1172 633 1352 718 Linnoeo,
1374 633 1543 706 corollam
1563 659 1609 708 ex
1624 635 1738 710 libere
1760 650 1798 710 et
1814 637 1966 710 calicem

470 786 516 832 ex
539 763 670 833 cortice
686 761 860 858 originem
880 784 982 830 suam
1004 754 1153 827 habere:
1176 777 1261 825 nam
1277 755 1315 825 in
1335 754 1539 852 perianthio
1557 757 1711 831 tracbeae
1728 757 1966 832 observantur

469 880 589 977 (Tab.
616 881 664 952 V
665 883 688 951 1
695 936 702 951 .
719 880 794 976 fig.
818 877 924 973 25.')‚
953 879 1042 974 quin
1066 878 1174 946 etiam
1197 877 1236 947 in
1252 874 1423 948 calicibus
1442 876 1607 974 plurium
1629 877 1778 969 dorum,
1797 879 1967 977 quamvis

471 1003 549 1072 haec
571 1026 701 1095 organa
723 1024 911 1095 nunquam
930 999 969 1066 in
990 995 1102 1067 libere
1125 995 1249 1065 necin
1272 997 1404 1067 cortice
1421 1012 1612 1069 occurrant
1626 998 1694 1096 (1).
1717 999 1788 1071 Alii
1811 1012 1967 1073 conten-

471 1121 564 1194 dunt
583 1122 729 1193 calicem
749 1119 950 1190 innumeris
972 1117 1067 1216 poris
1091 1117 1264 1213 elongatis
1286 1117 1479 1214 perforari,
1503 1133 1557 1192 ast
1576 1119 1715 1219 calyces
1730 1120 1969 1194 observantur

471 1245 566 1340 poris
589 1245 735 1314 omnino
759 1239 944 1328 destituti3
981 1250 1017 1309 et
1046 1236 1228 1308 filamenta
1253 1239 1448 1309 staminum
1470 1262 1552 1336 quae
1574 1237 1732 1338 persaepe
1760 1239 1854 1312 nihil
1880 1252 1969 1313 sunt

472 1365 538 1434 nisi
563 1385 747 1459 processus
774 1358 934 1448 corollae,
961 1360 1004 1428 iis
1032 1359 1173 1455 organis
1199 1360 1346 1429 omnind
1371 1358 1449 1431 fere
1473 1384 1614 1456 semper
1636 1359 1834 1433 abundant.

521 1484 563 1552 ln
589 1481 713 1552 multis
735 1477 1112 1578 monocotyledonibus
1137 1490 1174 1549 et
1201 1480 1398 1576 presertim
1424 1481 1463 1552 in
1489 1478 1669 1573 Liliaceis‚
1702 1483 1758 1554 uti
1783 1481 1894 1553 etiam
1926 1482 1969 1552 iu

474 1601 679 1689 Orclrideis,
703 1600 947 1697 perianthiurn
973 1599 1126 1670 trocheis
1148 1599 1293 1696 gaudet.

521 1721 597 1793 Alae
620 1743 708 1817 quas
730 1732 900 1814 tanquam
933 1715 977 1786 ad
1005 1717 1152 1790 calicem
1187 1719 1428 1816 pertinentem
1463 1719 1782 1814 consideravimus,
1815 1747 1968 1822 compn-

471 1856 612 1915 nuntur
639 1840 709 1910 tela
731 1838 893 1910 cellulari
918 1851 955 1909 et
980 1841 1069 1911 vasis
1094 1837 1218 1933 (Tot.
1248 1838 1300 1908 V
1295 1839 1331 1908 1.
1344 1839 1422 1936 fig.
1448 1840 1507 1912 13.
1528 1840 1616 1936 ab).

519 1963 707 2036 labellum
742 1960 840 2059 quod
870 1957 1010 2031 corollae
1039 1984 1121 2057 pars
1150 1972 1223 2050 est,
1256 1960 1446 2031 instruitur
1479 1959 1549 2031 telri
1578 1957 1741 2032 cellulari
1770 1959 1969 2035 admodum

473 2084 629 2183 regulari
653 2083 666 2177 (
686 2083 777 2152 Tab.
792 2081 820 2151 I
822 2081 870 2148 V
872 2135 879 2150 .
892 2080 969 2178 fig.
990 2080 1048 2172 14.
1064 2082 1095 2175 )3
1116 2081 1264 2152 materie
1280 2077 1460 2151 colorante
1476 2077 1665 2177 replentur
1680 2077 1791 2179 hujus
1807 2079 1970 2173 cellulae,

474 2230 627 2304 quarum
649 2205 803 2302 parietes
824 2203 931 2273 etiam
952 2202 1130 2300 principio
1155 2202 1336 2274 colorante
1359 2198 1509 2272 imbutae
1530 2211 1627 2271 sunt.

727 2438 789 2510 Ill.
841 2437 905 2510 De
935 2434 1125 2507 structurd
1154 2432 1449 2530 reproductionis
1479 2457 1714 2531 organorum.

1083 2631 1111 2731 S
1159 2629 1351 2703 LXXXV.

526 2845 714 2916 structura
731 2847 870 2916 interna
890 2844 1017 2942 Gynizi
1034 2840 1253 2939 peculiarem
1273 2839 1353 2910 telae
1369 2837 1549 2912 cellularis
1564 2837 1665 2911 nobis
1685 2837 1833 2911 exbibet
1852 2839 1973 2912 modi-

476 2967 678 3038 ficationem
702 2990 745 3036 ex
768 2965 839 3062 quai
860 2977 1008 3062 apparet
1028 2963 1122 3035 hanc
1145 2963 1183 3033 in
1207 2960 1403 3033 directione
1421 2960 1659 3058 quarumdam
1680 2958 1857 3031 linearum
1877 2957 1974 3032 den—

476 3087 604 3156 siorem
628 3084 800 3172 evadere,
826 3087 874 3153 ita
899 3098 940 3154 ut
961 3083 1039 3182 ejus
1061 3084 1214 3179 parietes
1235 3082 1400 3152 fortiores
1429 3079 1635 3169 videantur,
1659 3078 1772 3151 donec
1791 3081 1887 3151 inter
1908 3079 1973 3151 has

477 3203 589 3273 lineas
612 3216 650 3273 et
675 3200 823 3272 cellulas
850 3199 918 3270 tela
941 3202 986 3270 sit
1009 3199 1162 3271 laxatior
1182 3200 1303 3294 (Tab.
1324 3199 1409 3270 VI.
1424 3198 1502 3297 fig.
1528 3199 1587 3270 16.
1615 3197 1701 3293 ab).
1727 3195 1876 3270 Celluloe
1896 3200 1974 3270 istae

476 3322 656 3394 densiores
671 3319 846 3418 probabili
868 3319 970 3390 modo
986 3319 1120 3390 eaedem
1140 3332 1227 3390 sunt
1246 3344 1286 3390 ac
1302 3316 1375 3390 illae
1393 3343 1473 3417 quae
1492 3317 1699 3391 immediate
1715 3343 1775 3391 vas
1790 3318 1971 3416 quoddam

476 3468 541 3542 per
564 3442 718 3514 mediam
743 3439 872 3539 Gynizi
893 3438 1125 3510 substantiam
1146 3462 1361 3537 percurrens
1387 3437 1587 3512 obducunt.

526 3564 568 3634 In
593 3563 781 3660 superficie
803 3562 930 3661 Gynizi
955 3559 1163 3634 observatur
1190 3574 1311 3633 tentus
1332 3559 1540 3659 vegetabilis
1562 3573 1701 3634 naturae
1727 3557 1908 3658 pupillosae
1937 3575 1976 3632 et

479 3681 723 3783 glandularis(
740 3681 831 3750 Tab.
849 3681 934 3751 VI.
944 3680 1023 3778 fig.
1042 3681 1101 3754 15.
1115 3682 1141 3779 ).
1164 3682 1219 3752 En
1235 3680 1291 3752 his
1308 3680 1488 3780 glandulis
1502 3680 1612 3754 stillat
1628 3679 1824 3755 substantia
1839 3680 1975 3758 viscosa

480 3802 551 3903 quai
574 3804 701 3902 stigma
725 3805 903 3901 perpetuo
929 3800 1173 3876 humectatur.

1084 4037 1112 4137 g
1161 4037 1368 4110 cxxxvi,

533 4233 706 4306 Ovarium
729 4231 830 4304 nobis
850 4230 986 4329 praebet
1011 4235 1200 4306 cavitatem
1224 4237 1403 4306 internam
1427 4219 1627 4334 cujus'jam
1651 4231 1828 4305 orificium
1851 4244 1975 4305 exter-

483 4380 574 4426 num
596 4352 833 4426 indicavimus
856 4353 874 4449 d
892 4356 952 4425 80.
975 4352 1093 4455 Hujus
1116 4356 1277 4429 cavitatis
1295 4357 1450 4454 parietes
1468 4350 1607 4426 trifarie
1623 4349 1853 4445 dividuntur,
1873 4350 1975 4425 unde

544 4613 596 4680 (r)
614 4609 730 4677 stimet,
749 4609 769 4662 l.
787 4611 806 4663 l.
