<?xml version="1.0" encoding="UTF-8"?>
<!DOCTYPE html PUBLIC "-//W3C//DTD XHTML 1.0 Transitional//EN"
    "http://www.w3.org/TR/xhtml1/DTD/xhtml1-transitional.dtd">
<html xmlns="http://www.w3.org/1999/xhtml" xml:lang="en" lang="en">
 <head>
  <title>
</title>
<meta http-equiv="Content-Type" content="text/html;charset=utf-8" />
  <meta name='ocr-system' content='tesseract 3.04.00' />
  <meta name='ocr-capabilities' content='ocr_page ocr_carea ocr_par ocr_line ocrx_word'/>
</head>
<body>
  <div class='ocr_page' id='page_1' title='image "./responsioadqust00morrgoog_0048.png"; bbox 0 0 4388 5834; ppageno 0'>
   <div class='ocr_carea' id='block_1_1' title="bbox 1021 651 1154 750">
    <p class='ocr_par' dir='ltr' id='par_1_1' title="bbox 1021 651 1154 750">
     <span class='ocr_line' id='line_1_1' title="bbox 1021 651 1154 750; baseline -0.008 -2"><span class='ocrx_word' id='word_1_1' title='bbox 1021 651 1154 750; x_wconf 70' lang='lat' dir='ltr'><strong>(tt)</strong></span> 
     </span>
    </p>
   </div>
   <div class='ocr_carea' id='block_1_2' title="bbox 342 816 1843 1397">
    <p class='ocr_par' dir='ltr' id='par_1_2' title="bbox 342 816 1843 1397">
     <span class='ocr_line' id='line_1_2' title="bbox 391 816 1843 923; baseline -0.001 -20"><span class='ocrx_word' id='word_1_2' title='bbox 391 826 591 904; x_wconf 88' lang='lat' dir='ltr'><strong>Dillicultas</strong></span> <span class='ocrx_word' id='word_1_3' title='bbox 624 848 734 923; x_wconf 91' lang='lat' dir='ltr'><strong>quam</strong></span> <span class='ocrx_word' id='word_1_4' title='bbox 766 845 925 920; x_wconf 78' lang='lat' dir='ltr'><strong>persaepe</strong></span> <span class='ocrx_word' id='word_1_5' title='bbox 955 824 995 892; x_wconf 91' lang='lat' dir='ltr'><strong>in</strong></span> <span class='ocrx_word' id='word_1_6' title='bbox 1022 816 1284 918; x_wconf 83' lang='lat' dir='ltr'><strong>distinguendis</strong></span> <span class='ocrx_word' id='word_1_7' title='bbox 1314 818 1385 892; x_wconf 90' lang='lat' dir='ltr'><strong>illis</strong></span> <span class='ocrx_word' id='word_1_8' title='bbox 1417 823 1507 894; x_wconf 88' lang='lat' dir='ltr'><strong>vasis</strong></span> <span class='ocrx_word' id='word_1_9' title='bbox 1540 823 1776 920; x_wconf 88' lang='lat' dir='ltr'><strong>offendimus,</strong></span> <span class='ocrx_word' id='word_1_10' title='bbox 1805 843 1843 903; x_wconf 89' lang='lat' dir='ltr'><strong>et</strong></span> 
     </span>
     <span class='ocr_line' id='line_1_3' title="bbox 343 940 1842 1049; baseline -0.002 -25"><span class='ocrx_word' id='word_1_11' title='bbox 343 953 518 1049; x_wconf 85' lang='lat' dir='ltr'><strong>exiguum</strong></span> <span class='ocrx_word' id='word_1_12' title='bbox 549 970 676 1018; x_wconf 89' lang='lat' dir='ltr'><strong>eorum</strong></span> <span class='ocrx_word' id='word_1_13' title='bbox 704 942 897 1017; x_wconf 83' lang='lat' dir='ltr'><strong>discrimen</strong></span> <span class='ocrx_word' id='word_1_14' title='bbox 923 966 987 1012; x_wconf 91' lang='lat' dir='ltr'><strong>nos</strong></span> <span class='ocrx_word' id='word_1_15' title='bbox 1010 941 1127 1038; x_wconf 65' lang='lat' dir='ltr'><strong>coegit</strong></span> <span class='ocrx_word' id='word_1_16' title='bbox 1152 941 1340 1013; x_wconf 85' lang='lat' dir='ltr'><strong>sententiae</strong></span> <span class='ocrx_word' id='word_1_17' title='bbox 1366 940 1599 1017; x_wconf 87' lang='lat' dir='ltr'><strong>Celeberrimi</strong></span> <span class='ocrx_word' id='word_1_18' title='bbox 1621 948 1769 1020; x_wconf 82' lang='lat' dir='ltr'><strong>Mirbel</strong></span> <span class='ocrx_word' id='word_1_19' title='bbox 1788 949 1842 1046; x_wconf 86' lang='lat'><strong>(1)</strong></span> 
     </span>
     <span class='ocr_line' id='line_1_4' title="bbox 343 1056 1843 1157; baseline -0.001 -12"><span class='ocrx_word' id='word_1_20' title='bbox 343 1071 545 1157; x_wconf 84' lang='lat' dir='ltr'><strong>adhaerere‚</strong></span> <span class='ocrx_word' id='word_1_21' title='bbox 574 1065 710 1139; x_wconf 88' lang='lat' dir='ltr'><strong>scilicet</strong></span> <span class='ocrx_word' id='word_1_22' title='bbox 737 1088 778 1136; x_wconf 89' lang='lat' dir='ltr'><strong>ea</strong></span> <span class='ocrx_word' id='word_1_23' title='bbox 806 1062 948 1134; x_wconf 90' lang='lat' dir='ltr'><strong>nonnisi</strong></span> <span class='ocrx_word' id='word_1_24' title='bbox 976 1061 1087 1133; x_wconf 91' lang='lat' dir='ltr'><strong>unius</strong></span> <span class='ocrx_word' id='word_1_25' title='bbox 1111 1056 1272 1154; x_wconf 83' lang='lat' dir='ltr'><strong>ejusdem</strong></span> <span class='ocrx_word' id='word_1_26' title='bbox 1301 1063 1442 1157; x_wconf 88' lang='lat' dir='ltr'><strong>generis</strong></span> <span class='ocrx_word' id='word_1_27' title='bbox 1467 1088 1633 1139; x_wconf 88' lang='lat' dir='ltr'><strong>vasorum</strong></span> <span class='ocrx_word' id='word_1_28' title='bbox 1655 1069 1843 1146; x_wconf 84' lang='lat' dir='ltr'><strong>modifica-</strong></span> 
     </span>
     <span class='ocr_line' id='line_1_5' title="bbox 342 1179 1843 1282; baseline 0.001 -18"><span class='ocrx_word' id='word_1_29' title='bbox 342 1194 459 1264; x_wconf 84' lang='lat' dir='ltr'><strong>tiones</strong></span> <span class='ocrx_word' id='word_1_30' title='bbox 480 1186 626 1260; x_wconf 90' lang='lat' dir='ltr'><strong>hahere.</strong></span> <span class='ocrx_word' id='word_1_31' title='bbox 655 1182 844 1282; x_wconf 88' lang='lat' dir='ltr'><strong>Quidquid</strong></span> <span class='ocrx_word' id='word_1_32' title='bbox 869 1181 914 1254; x_wconf 94' lang='lat' dir='ltr'><strong>de</strong></span> <span class='ocrx_word' id='word_1_33' title='bbox 937 1180 1006 1253; x_wconf 88' lang='lat' dir='ltr'><strong>hoc</strong></span> <span class='ocrx_word' id='word_1_34' title='bbox 1029 1180 1092 1271; x_wconf 83' lang='lat' dir='ltr'><strong>sit,</strong></span> <span class='ocrx_word' id='word_1_35' title='bbox 1121 1179 1205 1250; x_wconf 88' lang='lat' dir='ltr'><strong>artis</strong></span> <span class='ocrx_word' id='word_1_36' title='bbox 1228 1181 1388 1278; x_wconf 83' lang='lat' dir='ltr'><strong>magistri</strong></span> <span class='ocrx_word' id='word_1_37' title='bbox 1411 1181 1608 1259; x_wconf 88' lang='lat' dir='ltr'><strong>hodiedum</strong></span> <span class='ocrx_word' id='word_1_38' title='bbox 1631 1189 1670 1260; x_wconf 91' lang='lat' dir='ltr'><strong>in</strong></span> <span class='ocrx_word' id='word_1_39' title='bbox 1687 1189 1843 1265; x_wconf 86' lang='lat' dir='ltr'><strong>diversas</strong></span> 
     </span>
     <span class='ocr_line' id='line_1_6' title="bbox 345 1298 1841 1397; baseline 0 -12"><span class='ocrx_word' id='word_1_40' title='bbox 345 1310 481 1384; x_wconf 84' lang='lat' dir='ltr'><strong>abeunt</strong></span> <span class='ocrx_word' id='word_1_41' title='bbox 504 1306 716 1397; x_wconf 90' lang='lat' dir='ltr'><strong>sententias,</strong></span> <span class='ocrx_word' id='word_1_42' title='bbox 740 1326 809 1375; x_wconf 89' lang='lat' dir='ltr'><strong>nec</strong></span> <span class='ocrx_word' id='word_1_43' title='bbox 832 1301 988 1375; x_wconf 87' lang='lat' dir='ltr'><strong>alumnis</strong></span> <span class='ocrx_word' id='word_1_44' title='bbox 1014 1312 1068 1372; x_wconf 88' lang='lat' dir='ltr'><strong>est</strong></span> <span class='ocrx_word' id='word_1_45' title='bbox 1088 1312 1162 1370; x_wconf 83' lang='lat' dir='ltr'><strong>tam</strong></span> <span class='ocrx_word' id='word_1_46' title='bbox 1186 1322 1332 1396; x_wconf 83' lang='lat' dir='ltr'><strong>gravem</strong></span> <span class='ocrx_word' id='word_1_47' title='bbox 1359 1298 1529 1376; x_wconf 82' lang='lat' dir='ltr'><strong>dirimere</strong></span> <span class='ocrx_word' id='word_1_48' title='bbox 1551 1313 1841 1388; x_wconf 86' lang='lat' dir='ltr'><strong>controversiam.</strong></span> 
     </span>
    </p>
   </div>
   <div class='ocr_carea' id='block_1_3' title="bbox 1009 1532 1180 1632">
    <p class='ocr_par' dir='ltr' id='par_1_3' title="bbox 1009 1532 1180 1632">
     <span class='ocr_line' id='line_1_7' title="bbox 1009 1532 1180 1632; baseline -0.006 -27"><span class='ocrx_word' id='word_1_49' title='bbox 1009 1532 1180 1632; x_wconf 72' lang='lat' dir='ltr'><strong>gur.</strong></span> 
     </span>
    </p>
   </div>
   <div class='ocr_carea' id='block_1_4' title="bbox 346 1726 1857 3639">
    <p class='ocr_par' dir='ltr' id='par_1_4' title="bbox 346 1726 1857 3039">
     <span class='ocr_line' id='line_1_8' title="bbox 396 1726 1845 1837; baseline 0.006 -29"><span class='ocrx_word' id='word_1_50' title='bbox 396 1733 623 1835; x_wconf 87' lang='lat' dir='ltr'><strong>Organisatio</strong></span> <span class='ocrx_word' id='word_1_51' title='bbox 644 1730 822 1804; x_wconf 91' lang='lat' dir='ltr'><strong>nodorum</strong></span> <span class='ocrx_word' id='word_1_52' title='bbox 842 1743 896 1802; x_wconf 85' lang='lat' dir='ltr'><strong>est</strong></span> <span class='ocrx_word' id='word_1_53' title='bbox 918 1726 1192 1826; x_wconf 85' lang='lat' dir='ltr'><strong>simplicissima:</strong></span> <span class='ocrx_word' id='word_1_54' title='bbox 1210 1754 1285 1800; x_wconf 91' lang='lat' dir='ltr'><strong>non</strong></span> <span class='ocrx_word' id='word_1_55' title='bbox 1304 1728 1376 1803; x_wconf 89' lang='lat' dir='ltr'><strong>illis</strong></span> <span class='ocrx_word' id='word_1_56' title='bbox 1396 1734 1530 1806; x_wconf 78' lang='lat' dir='ltr'><strong>etenim</strong></span> <span class='ocrx_word' id='word_1_57' title='bbox 1548 1735 1845 1837; x_wconf 86' lang='lat' dir='ltr'><strong>dissepimentum</strong></span> 
     </span>
     <span class='ocr_line' id='line_1_9' title="bbox 346 1845 1847 1950; baseline 0.003 -19"><span class='ocrx_word' id='word_1_58' title='bbox 346 1872 610 1944; x_wconf 87' lang='lat' dir='ltr'><strong>transversum,</strong></span> <span class='ocrx_word' id='word_1_59' title='bbox 632 1851 749 1928; x_wconf 81' lang='lat' dir='ltr'><strong>veluti</strong></span> <span class='ocrx_word' id='word_1_60' title='bbox 770 1852 809 1923; x_wconf 91' lang='lat' dir='ltr'><strong>in</strong></span> <span class='ocrx_word' id='word_1_61' title='bbox 829 1847 1044 1950; x_wconf 89' lang='lat' dir='ltr'><strong>quibusdam</strong></span> <span class='ocrx_word' id='word_1_62' title='bbox 1067 1845 1217 1945; x_wconf 88' lang='lat' dir='ltr'><strong>plantis,</strong></span> <span class='ocrx_word' id='word_1_63' title='bbox 1240 1848 1461 1926; x_wconf 88' lang='lat' dir='ltr'><strong>observatur.</strong></span> <span class='ocrx_word' id='word_1_64' title='bbox 1488 1855 1612 1929; x_wconf 89' lang='lat' dir='ltr'><strong>Nodus</strong></span> <span class='ocrx_word' id='word_1_65' title='bbox 1631 1861 1669 1931; x_wconf 89' lang='lat' dir='ltr'><strong>in</strong></span> <span class='ocrx_word' id='word_1_66' title='bbox 1687 1861 1847 1937; x_wconf 88' lang='lat' dir='ltr'><strong>Orchide</strong></span> 
     </span>
     <span class='ocr_line' id='line_1_10' title="bbox 346 1968 1848 2079; baseline 0.005 -30"><span class='ocrx_word' id='word_1_67' title='bbox 346 1975 498 2050; x_wconf 72' lang='lat' dir='ltr'><strong>latifolia</strong></span> <span class='ocrx_word' id='word_1_68' title='bbox 527 1975 643 2047; x_wconf 88' lang='lat' dir='ltr'><strong>oritur</strong></span> <span class='ocrx_word' id='word_1_69' title='bbox 664 1972 806 2044; x_wconf 91' lang='lat' dir='ltr'><strong>nonnisi</strong></span> <span class='ocrx_word' id='word_1_70' title='bbox 829 1995 874 2044; x_wconf 82' lang='lat' dir='ltr'><strong>ex</strong></span> <span class='ocrx_word' id='word_1_71' title='bbox 900 1970 1124 2068; x_wconf 82' lang='lat' dir='ltr'><strong>separatione</strong></span> <span class='ocrx_word' id='word_1_72' title='bbox 1146 1968 1359 2045; x_wconf 82' lang='lat' dir='ltr'><strong>cellularum</strong></span> <span class='ocrx_word' id='word_1_73' title='bbox 1390 1974 1489 2067; x_wconf 81' lang='lat' dir='ltr'><strong>telae,</strong></span> <span class='ocrx_word' id='word_1_74' title='bbox 1522 1990 1559 2048; x_wconf 91' lang='lat' dir='ltr'><strong>et</strong></span> <span class='ocrx_word' id='word_1_75' title='bbox 1585 1977 1848 2079; x_wconf 83' lang='lat' dir='ltr'><strong>disgregatione</strong></span> 
     </span>
     <span class='ocr_line' id='line_1_11' title="bbox 348 2089 1857 2198; baseline 0.005 -30"><span class='ocrx_word' id='word_1_76' title='bbox 348 2121 528 2169; x_wconf 84' lang='lat' dir='ltr'><strong>vasorum.</strong></span> <span class='ocrx_word' id='word_1_77' title='bbox 558 2094 644 2167; x_wconf 80' lang='lat' dir='ltr'><strong>Haec</strong></span> <span class='ocrx_word' id='word_1_78' title='bbox 665 2095 762 2165; x_wconf 91' lang='lat' dir='ltr'><strong>enim</strong></span> <span class='ocrx_word' id='word_1_79' title='bbox 788 2091 913 2189; x_wconf 74' lang='lat' dir='ltr'><strong>(Tae.</strong></span> <span class='ocrx_word' id='word_1_80' title='bbox 936 2091 1023 2163; x_wconf 90' lang='lat' dir='ltr'><strong>1V.</strong></span> <span class='ocrx_word' id='word_1_81' title='bbox 1053 2090 1102 2179; x_wconf 80' lang='lat' dir='ltr'><strong>k,·</strong></span> <span class='ocrx_word' id='word_1_82' title='bbox 1120 2089 1195 2189; x_wconf 81' lang='lat' dir='ltr'><strong>fig.</strong></span> <span class='ocrx_word' id='word_1_83' title='bbox 1220 2091 1292 2188; x_wconf 78' lang='grc'><strong>14)</strong></span> <span class='ocrx_word' id='word_1_84' title='bbox 1318 2094 1366 2164; x_wconf 88' lang='lat' dir='ltr'><strong>ita</strong></span> <span class='ocrx_word' id='word_1_85' title='bbox 1393 2095 1432 2166; x_wconf 91' lang='lat' dir='ltr'><strong>in</strong></span> <span class='ocrx_word' id='word_1_86' title='bbox 1456 2096 1560 2169; x_wconf 87' lang='lat' dir='ltr'><strong>caule</strong></span> <span class='ocrx_word' id='word_1_87' title='bbox 1585 2097 1857 2198; x_wconf 67' lang='lat' dir='ltr'><strong>disponuntur,‘</strong></span> 
     </span>
     <span class='ocr_line' id='line_1_12' title="bbox 349 2210 1848 2315; baseline 0.002 -23"><span class='ocrx_word' id='word_1_88' title='bbox 349 2231 393 2292; x_wconf 90' lang='lat' dir='ltr'><strong>ut</strong></span> <span class='ocrx_word' id='word_1_89' title='bbox 408 2215 521 2314; x_wconf 90' lang='lat' dir='ltr'><strong>magis</strong></span> <span class='ocrx_word' id='word_1_90' title='bbox 543 2227 693 2287; x_wconf 85' lang='lat' dir='ltr'><strong>externa</strong></span> <span class='ocrx_word' id='word_1_91' title='bbox 715 2236 857 2310; x_wconf 88' lang='lat' dir='ltr'><strong>semper</strong></span> <span class='ocrx_word' id='word_1_92' title='bbox 879 2210 1081 2309; x_wconf 87' lang='lat' dir='ltr'><strong>producant</strong></span> <span class='ocrx_word' id='word_1_93' title='bbox 1096 2211 1261 2309; x_wconf 83' lang='lat' dir='ltr'><strong>vaginam</strong></span> <span class='ocrx_word' id='word_1_94' title='bbox 1281 2211 1360 2284; x_wconf 83' lang='lat' dir='ltr'><strong>solii</strong></span> <span class='ocrx_word' id='word_1_95' title='bbox 1376 2214 1473 2312; x_wconf 94' lang='lat' dir='ltr'><strong>quod</strong></span> <span class='ocrx_word' id='word_1_96' title='bbox 1493 2241 1601 2315; x_wconf 88' lang='lat' dir='ltr'><strong>supra</strong></span> <span class='ocrx_word' id='word_1_97' title='bbox 1619 2219 1755 2292; x_wconf 89' lang='lat' dir='ltr'><strong>nodum</strong></span> <span class='ocrx_word' id='word_1_98' title='bbox 1772 2246 1848 2295; x_wconf 88' lang='lat' dir='ltr'><strong>sese</strong></span> 
     </span>
     <span class='ocr_line' id='line_1_13' title="bbox 349 2332 1849 2438; baseline 0.001 -25"><span class='ocrx_word' id='word_1_99' title='bbox 349 2338 507 2438; x_wconf 83' lang='lat' dir='ltr'><strong>explicat</strong></span> <span class='ocrx_word' id='word_1_100' title='bbox 540 2350 578 2409; x_wconf 88' lang='lat' dir='ltr'><strong>et</strong></span> <span class='ocrx_word' id='word_1_101' title='bbox 608 2347 807 2435; x_wconf 85' lang='lat' dir='ltr'><strong>separatur.</strong></span> <span class='ocrx_word' id='word_1_102' title='bbox 842 2332 935 2404; x_wconf 84' lang='lat' dir='ltr'><strong>Vasa</strong></span> <span class='ocrx_word' id='word_1_103' title='bbox 975 2332 1101 2407; x_wconf 72' lang='lat' dir='ltr'><strong>revers</strong></span> <span class='ocrx_word' id='word_1_104' title='bbox 1132 2333 1245 2431; x_wconf 91' lang='lat' dir='ltr'><strong>magis</strong></span> <span class='ocrx_word' id='word_1_105' title='bbox 1275 2346 1423 2405; x_wconf 85' lang='lat' dir='ltr'><strong>externa</strong></span> <span class='ocrx_word' id='word_1_106' title='bbox 1457 2335 1497 2406; x_wconf 93' lang='lat' dir='ltr'><strong>in</strong></span> <span class='ocrx_word' id='word_1_107' title='bbox 1534 2335 1612 2408; x_wconf 92' lang='lat' dir='ltr'><strong>loco</strong></span> <span class='ocrx_word' id='word_1_108' title='bbox 1640 2337 1704 2410; x_wconf 91' lang='lat' dir='ltr'><strong>ubi</strong></span> <span class='ocrx_word' id='word_1_109' title='bbox 1732 2340 1849 2416; x_wconf 85' lang='lat' dir='ltr'><strong>nodus</strong></span> 
     </span>
     <span class='ocr_line' id='line_1_14' title="bbox 350 2453 1850 2551; baseline 0.003 -19"><span class='ocrx_word' id='word_1_110' title='bbox 350 2460 546 2549; x_wconf 85' lang='lat' dir='ltr'><strong>formatur,</strong></span> <span class='ocrx_word' id='word_1_111' title='bbox 576 2480 623 2528; x_wconf 80' lang='lat' dir='ltr'><strong>ex</strong></span> <span class='ocrx_word' id='word_1_112' title='bbox 650 2453 755 2528; x_wconf 88' lang='lat' dir='ltr'><strong>caule</strong></span> <span class='ocrx_word' id='word_1_113' title='bbox 782 2454 950 2527; x_wconf 87' lang='lat' dir='ltr'><strong>oriuntur</strong></span> <span class='ocrx_word' id='word_1_114' title='bbox 977 2465 1014 2524; x_wconf 89' lang='lat' dir='ltr'><strong>et</strong></span> <span class='ocrx_word' id='word_1_115' title='bbox 1040 2477 1162 2526; x_wconf 88' lang='lat' dir='ltr'><strong>seeum</strong></span> <span class='ocrx_word' id='word_1_116' title='bbox 1190 2465 1329 2551; x_wconf 87' lang='lat' dir='ltr'><strong>partem</strong></span> <span class='ocrx_word' id='word_1_117' title='bbox 1360 2454 1536 2528; x_wconf 88' lang='lat' dir='ltr'><strong>auferunt</strong></span> <span class='ocrx_word' id='word_1_118' title='bbox 1563 2457 1643 2531; x_wconf 87' lang='lat' dir='ltr'><strong>telae</strong></span> <span class='ocrx_word' id='word_1_119' title='bbox 1669 2460 1850 2538; x_wconf 89' lang='lat' dir='ltr'><strong>cellularis</strong></span> 
     </span>
     <span class='ocr_line' id='line_1_15' title="bbox 352 2572 1849 2680; baseline 0.002 -26"><span class='ocrx_word' id='word_1_120' title='bbox 352 2604 434 2680; x_wconf 85' lang='lat' dir='ltr'><strong>quae</strong></span> <span class='ocrx_word' id='word_1_121' title='bbox 462 2603 544 2650; x_wconf 88' lang='lat' dir='ltr'><strong>mox</strong></span> <span class='ocrx_word' id='word_1_122' title='bbox 577 2574 799 2676; x_wconf 90' lang='lat' dir='ltr'><strong>epidermide</strong></span> <span class='ocrx_word' id='word_1_123' title='bbox 829 2572 1039 2665; x_wconf 83' lang='lat' dir='ltr'><strong>obducitur,</strong></span> <span class='ocrx_word' id='word_1_124' title='bbox 1073 2575 1123 2645; x_wconf 88' lang='lat' dir='ltr'><strong>ita</strong></span> <span class='ocrx_word' id='word_1_125' title='bbox 1156 2587 1199 2647; x_wconf 89' lang='lat' dir='ltr'><strong>ut</strong></span> <span class='ocrx_word' id='word_1_126' title='bbox 1229 2573 1456 2674; x_wconf 81' lang='lat' dir='ltr'><strong>duplicatum</strong></span> <span class='ocrx_word' id='word_1_127' title='bbox 1489 2577 1601 2679; x_wconf 84' lang='lat' dir='ltr'><strong>hujus</strong></span> <span class='ocrx_word' id='word_1_128' title='bbox 1631 2581 1849 2658; x_wconf 74' lang='lat' dir='ltr'><strong>membranae</strong></span> 
     </span>
     <span class='ocr_line' id='line_1_16' title="bbox 351 2692 1850 2802; baseline 0.004 -29"><span class='ocrx_word' id='word_1_129' title='bbox 351 2699 439 2773; x_wconf 86' lang='lat' dir='ltr'><strong>folio</strong></span> <span class='ocrx_word' id='word_1_130' title='bbox 464 2698 640 2797; x_wconf 90' lang='lat' dir='ltr'><strong>originem</strong></span> <span class='ocrx_word' id='word_1_131' title='bbox 672 2693 841 2794; x_wconf 76' lang='lat' dir='ltr'><strong>praebeat.</strong></span> <span class='ocrx_word' id='word_1_132' title='bbox 876 2692 1001 2790; x_wconf 70' lang='lat' dir='ltr'><strong>(Tac.</strong></span> <span class='ocrx_word' id='word_1_133' title='bbox 1027 2695 1116 2767; x_wconf 87' lang='lat' dir='ltr'><strong>IV.</strong></span> <span class='ocrx_word' id='word_1_134' title='bbox 1132 2695 1212 2794; x_wconf 83' lang='lat' dir='ltr'><strong>fig.</strong></span> <span class='ocrx_word' id='word_1_135' title='bbox 1236 2698 1296 2789; x_wconf 76' lang='grc'><strong>14.</strong></span> <span class='ocrx_word' id='word_1_136' title='bbox 1318 2699 1412 2797; x_wconf 74' lang='lat' dir='ltr'><strong>gh).</strong></span> <span class='ocrx_word' id='word_1_137' title='bbox 1448 2699 1541 2773; x_wconf 87' lang='lat' dir='ltr'><strong>Vasa</strong></span> <span class='ocrx_word' id='word_1_138' title='bbox 1568 2705 1681 2802; x_wconf 89' lang='lat' dir='ltr'><strong>magis</strong></span> <span class='ocrx_word' id='word_1_139' title='bbox 1705 2707 1850 2780; x_wconf 84' lang='lat' dir='ltr'><strong>interna</strong></span> 
     </span>
     <span class='ocr_line' id='line_1_17' title="bbox 351 2814 1851 2920; baseline 0.003 -27"><span class='ocrx_word' id='word_1_140' title='bbox 351 2823 405 2920; x_wconf 83' lang='lat' dir='ltr'><strong>(i.</strong></span> <span class='ocrx_word' id='word_1_141' title='bbox 417 2821 547 2892; x_wconf 85' lang='lat' dir='ltr'><strong>eadem</strong></span> <span class='ocrx_word' id='word_1_142' title='bbox 549 2818 652 2917; x_wconf 82' lang='lat' dir='ltr'><strong>fig.)</strong></span> <span class='ocrx_word' id='word_1_143' title='bbox 667 2841 809 2917; x_wconf 89' lang='lat' dir='ltr'><strong>semper</strong></span> <span class='ocrx_word' id='word_1_144' title='bbox 825 2814 1048 2888; x_wconf 89' lang='lat' dir='ltr'><strong>ascendendo</strong></span> <span class='ocrx_word' id='word_1_145' title='bbox 1064 2817 1365 2915; x_wconf 85' lang='lat' dir='ltr'><strong>progrediuntur,</strong></span> <span class='ocrx_word' id='word_1_146' title='bbox 1387 2817 1501 2893; x_wconf 89' lang='lat' dir='ltr'><strong>donec</strong></span> <span class='ocrx_word' id='word_1_147' title='bbox 1516 2822 1592 2920; x_wconf 90' lang='lat' dir='ltr'><strong>ipsa</strong></span> <span class='ocrx_word' id='word_1_148' title='bbox 1609 2822 1694 2896; x_wconf 88' lang='lat' dir='ltr'><strong>folia</strong></span> <span class='ocrx_word' id='word_1_149' title='bbox 1710 2825 1851 2898; x_wconf 82' lang='lat' dir='ltr'><strong>caeteris</strong></span> 
     </span>
     <span class='ocr_line' id='line_1_18' title="bbox 352 2940 732 3039; baseline -0.016 -25"><span class='ocrx_word' id='word_1_150' title='bbox 352 2940 480 3014; x_wconf 88' lang='lat' dir='ltr'><strong>similia</strong></span> <span class='ocrx_word' id='word_1_151' title='bbox 503 2940 732 3039; x_wconf 86' lang='lat' dir='ltr'><strong>progignant.</strong></span> 
     </span>
    </p>

    <p class='ocr_par' dir='ltr' id='par_1_5' title="bbox 352 3055 1853 3639">
     <span class='ocr_line' id='line_1_19' title="bbox 402 3055 1852 3163; baseline 0.004 -29"><span class='ocrx_word' id='word_1_152' title='bbox 402 3063 458 3134; x_wconf 83' lang='lat' dir='ltr'><strong>Ex</strong></span> <span class='ocrx_word' id='word_1_153' title='bbox 487 3060 747 3159; x_wconf 90' lang='lat' dir='ltr'><strong>organisationc</strong></span> <span class='ocrx_word' id='word_1_154' title='bbox 772 3056 858 3129; x_wconf 90' lang='lat' dir='ltr'><strong>nodi</strong></span> <span class='ocrx_word' id='word_1_155' title='bbox 880 3055 996 3128; x_wconf 87' lang='lat' dir='ltr'><strong>oritur</strong></span> <span class='ocrx_word' id='word_1_156' title='bbox 1015 3055 1223 3153; x_wconf 89' lang='lat' dir='ltr'><strong>simplicitas</strong></span> <span class='ocrx_word' id='word_1_157' title='bbox 1243 3056 1353 3130; x_wconf 87' lang='lat' dir='ltr'><strong>totius</strong></span> <span class='ocrx_word' id='word_1_158' title='bbox 1373 3069 1566 3132; x_wconf 86' lang='lat' dir='ltr'><strong>structurae</strong></span> <span class='ocrx_word' id='word_1_159' title='bbox 1590 3059 1742 3158; x_wconf 69' lang='lat' dir='ltr'><strong>plantae,</strong></span> <span class='ocrx_word' id='word_1_160' title='bbox 1769 3087 1852 3163; x_wconf 78' lang='lat' dir='ltr'><strong>quae</strong></span> 
     </span>
     <span class='ocr_line' id='line_1_20' title="bbox 352 3176 1851 3282; baseline 0.001 -26"><span class='ocrx_word' id='word_1_161' title='bbox 352 3181 479 3258; x_wconf 78' lang='lat' dir='ltr'><strong>revcrd</strong></span> <span class='ocrx_word' id='word_1_162' title='bbox 504 3179 630 3253; x_wconf 89' lang='lat' dir='ltr'><strong>haberi</strong></span> <span class='ocrx_word' id='word_1_163' title='bbox 661 3190 778 3279; x_wconf 89' lang='lat' dir='ltr'><strong>potest</strong></span> <span class='ocrx_word' id='word_1_164' title='bbox 805 3191 979 3277; x_wconf 89' lang='lat' dir='ltr'><strong>tanquam</strong></span> <span class='ocrx_word' id='word_1_165' title='bbox 1011 3198 1124 3249; x_wconf 88' lang='lat' dir='ltr'><strong>massa</strong></span> <span class='ocrx_word' id='word_1_166' title='bbox 1154 3176 1235 3250; x_wconf 86' lang='lat' dir='ltr'><strong>telae</strong></span> <span class='ocrx_word' id='word_1_167' title='bbox 1268 3176 1449 3250; x_wconf 90' lang='lat' dir='ltr'><strong>cellularis</strong></span> <span class='ocrx_word' id='word_1_168' title='bbox 1477 3180 1662 3274; x_wconf 85' lang='lat' dir='ltr'><strong>tracheas‚</strong></span> <span class='ocrx_word' id='word_1_169' title='bbox 1693 3182 1851 3282; x_wconf 90' lang='lat' dir='ltr'><strong>pseudo-</strong></span> 
     </span>
     <span class='ocr_line' id='line_1_21' title="bbox 354 3296 1852 3401; baseline 0.001 -27"><span class='ocrx_word' id='word_1_170' title='bbox 354 3301 516 3374; x_wconf 87' lang='lat' dir='ltr'><strong>tracheas</strong></span> <span class='ocrx_word' id='word_1_171' title='bbox 531 3314 569 3372; x_wconf 89' lang='lat' dir='ltr'><strong>et</strong></span> <span class='ocrx_word' id='word_1_172' title='bbox 585 3326 666 3374; x_wconf 88' lang='lat' dir='ltr'><strong>vasa</strong></span> <span class='ocrx_word' id='word_1_173' title='bbox 688 3300 833 3399; x_wconf 91' lang='lat' dir='ltr'><strong>propria</strong></span> <span class='ocrx_word' id='word_1_174' title='bbox 856 3301 1061 3388; x_wconf 89' lang='lat' dir='ltr'><strong>continens,</strong></span> <span class='ocrx_word' id='word_1_175' title='bbox 1078 3296 1233 3371; x_wconf 77' lang='lat' dir='ltr'><strong>obducit</strong></span> <span class='ocrx_word' id='word_1_176' title='bbox 1251 3296 1461 3371; x_wconf 72' lang='lat' dir='ltr'><strong>membranis</strong></span> <span class='ocrx_word' id='word_1_177' title='bbox 1476 3300 1625 3373; x_wconf 69' lang='lat' dir='ltr'><strong>externis</strong></span> <span class='ocrx_word' id='word_1_178' title='bbox 1643 3326 1724 3400; x_wconf 85' lang='lat' dir='ltr'><strong>quae</strong></span> <span class='ocrx_word' id='word_1_179' title='bbox 1739 3304 1852 3401; x_wconf 89' lang='lat' dir='ltr'><strong>ipsius</strong></span> 
     </span>
     <span class='ocr_line' id='line_1_22' title="bbox 355 3417 1853 3517; baseline 0.003 -24"><span class='ocrx_word' id='word_1_180' title='bbox 355 3421 510 3493; x_wconf 89' lang='lat' dir='ltr'><strong>formam</strong></span> <span class='ocrx_word' id='word_1_181' title='bbox 528 3420 634 3492; x_wconf 89' lang='lat' dir='ltr'><strong>certis</strong></span> <span class='ocrx_word' id='word_1_182' title='bbox 662 3417 839 3492; x_wconf 88' lang='lat' dir='ltr'><strong>limitibus</strong></span> <span class='ocrx_word' id='word_1_183' title='bbox 862 3417 1124 3492; x_wconf 88' lang='lat' dir='ltr'><strong>circumscribit</strong></span> <span class='ocrx_word' id='word_1_184' title='bbox 1144 3431 1255 3517; x_wconf 88' lang='lat' dir='ltr'><strong>atque</strong></span> <span class='ocrx_word' id='word_1_185' title='bbox 1277 3443 1357 3491; x_wconf 88' lang='lat' dir='ltr'><strong>eam</strong></span> <span class='ocrx_word' id='word_1_186' title='bbox 1379 3419 1606 3493; x_wconf 89' lang='lat' dir='ltr'><strong>determinat.</strong></span> <span class='ocrx_word' id='word_1_187' title='bbox 1633 3422 1717 3495; x_wconf 89' lang='lat' dir='ltr'><strong>Haec</strong></span> <span class='ocrx_word' id='word_1_188' title='bbox 1734 3447 1853 3499; x_wconf 88' lang='lat' dir='ltr'><strong>mem-</strong></span> 
     </span>
     <span class='ocr_line' id='line_1_23' title="bbox 354 3538 1852 3639; baseline -0.001 -22"><span class='ocrx_word' id='word_1_189' title='bbox 354 3542 466 3617; x_wconf 90' lang='lat' dir='ltr'><strong>brana</strong></span> <span class='ocrx_word' id='word_1_190' title='bbox 500 3542 576 3617; x_wconf 91' lang='lat' dir='ltr'><strong>sive</strong></span> <span class='ocrx_word' id='word_1_191' title='bbox 609 3538 770 3613; x_wconf 89' lang='lat' dir='ltr'><strong>cuticula</strong></span> <span class='ocrx_word' id='word_1_192' title='bbox 805 3539 918 3614; x_wconf 89' lang='lat' dir='ltr'><strong>caulis</strong></span> <span class='ocrx_word' id='word_1_193' title='bbox 954 3539 1115 3613; x_wconf 90' lang='lat' dir='ltr'><strong>ascendit</strong></span> <span class='ocrx_word' id='word_1_194' title='bbox 1144 3564 1211 3638; x_wconf 91' lang='lat' dir='ltr'><strong>per</strong></span> <span class='ocrx_word' id='word_1_195' title='bbox 1242 3538 1471 3638; x_wconf 86' lang='lat' dir='ltr'><strong>superficiem</strong></span> <span class='ocrx_word' id='word_1_196' title='bbox 1506 3539 1586 3613; x_wconf 85' lang='lat' dir='ltr'><strong>folii</strong></span> <span class='ocrx_word' id='word_1_197' title='bbox 1619 3541 1852 3639; x_wconf 83' lang='lat' dir='ltr'><strong>inferiorem,</strong></span> 
     </span>
    </p>
   </div>
   <div class='ocr_carea' id='block_1_5' title="bbox 241 3657 1853 3761">
    <p class='ocr_par' dir='ltr' id='par_1_6' title="bbox 241 3657 1853 3761">
     <span class='ocr_line' id='line_1_24' title="bbox 241 3657 1853 3761; baseline 0.002 -26"><span class='ocrx_word' id='word_1_198' title='bbox 241 3664 244 3669; x_wconf 78' lang='grc'><strong>’</strong></span> <span class='ocrx_word' id='word_1_199' title='bbox 356 3660 541 3736; x_wconf 87' lang='lat' dir='ltr'><strong>descendit</strong></span> <span class='ocrx_word' id='word_1_200' title='bbox 563 3684 628 3760; x_wconf 92' lang='lat' dir='ltr'><strong>per</strong></span> <span class='ocrx_word' id='word_1_201' title='bbox 645 3658 884 3759; x_wconf 84' lang='lat' dir='ltr'><strong>superiorem,</strong></span> <span class='ocrx_word' id='word_1_202' title='bbox 906 3685 1031 3734; x_wconf 85' lang='lat' dir='ltr'><strong>rursus</strong></span> <span class='ocrx_word' id='word_1_203' title='bbox 1046 3686 1112 3761; x_wconf 90' lang='lat' dir='ltr'><strong>per</strong></span> <span class='ocrx_word' id='word_1_204' title='bbox 1130 3657 1270 3734; x_wconf 91' lang='lat' dir='ltr'><strong>caulem</strong></span> <span class='ocrx_word' id='word_1_205' title='bbox 1283 3660 1459 3751; x_wconf 90' lang='lat' dir='ltr'><strong>ascendit,</strong></span> <span class='ocrx_word' id='word_1_206' title='bbox 1476 3674 1514 3733; x_wconf 87' lang='lat' dir='ltr'><strong>et</strong></span> <span class='ocrx_word' id='word_1_207' title='bbox 1528 3663 1578 3734; x_wconf 86' lang='lat' dir='ltr'><strong>sic</strong></span> <span class='ocrx_word' id='word_1_208' title='bbox 1596 3688 1721 3761; x_wconf 88' lang='lat' dir='ltr'><strong>porro,</strong></span> <span class='ocrx_word' id='word_1_209' title='bbox 1738 3663 1853 3739; x_wconf 87' lang='lat' dir='ltr'><strong>donec</strong></span> 
     </span>
    </p>
   </div>
   <div class='ocr_carea' id='block_1_6' title="bbox 358 3779 1854 4004">
    <p class='ocr_par' dir='ltr' id='par_1_7' title="bbox 358 3779 1854 4004">
     <span class='ocr_line' id='line_1_25' title="bbox 358 3779 1854 3881; baseline 0.001 -25"><span class='ocrx_word' id='word_1_210' title='bbox 358 3783 403 3858; x_wconf 87' lang='lat' dir='ltr'><strong>ad</strong></span> <span class='ocrx_word' id='word_1_211' title='bbox 437 3781 708 3856; x_wconf 85' lang='lat' dir='ltr'><strong>inllorescentiae</strong></span> <span class='ocrx_word' id='word_1_212' title='bbox 741 3779 926 3879; x_wconf 89' lang='lat' dir='ltr'><strong>fastigium</strong></span> <span class='ocrx_word' id='word_1_213' title='bbox 958 3784 1197 3875; x_wconf 80' lang='lat' dir='ltr'><strong>terminatur3</strong></span> <span class='ocrx_word' id='word_1_214' title='bbox 1230 3780 1334 3853; x_wconf 88' lang='lat' dir='ltr'><strong>flores</strong></span> <span class='ocrx_word' id='word_1_215' title='bbox 1368 3782 1465 3853; x_wconf 90' lang='lat' dir='ltr'><strong>euim</strong></span> <span class='ocrx_word' id='word_1_216' title='bbox 1499 3782 1567 3881; x_wconf 89' lang='lat' dir='ltr'><strong>ipsi</strong></span> <span class='ocrx_word' id='word_1_217' title='bbox 1595 3785 1737 3856; x_wconf 91' lang='lat' dir='ltr'><strong>nonnisi</strong></span> <span class='ocrx_word' id='word_1_218' title='bbox 1767 3798 1854 3858; x_wconf 88' lang='lat' dir='ltr'><strong>sunt</strong></span> 
     </span>
     <span class='ocr_line' id='line_1_26' title="bbox 359 3898 1515 4004; baseline -0.006 -27"><span class='ocrx_word' id='word_1_219' title='bbox 359 3904 594 4004; x_wconf 86' lang='lat' dir='ltr'><strong>expansiones</strong></span> <span class='ocrx_word' id='word_1_220' title='bbox 617 3899 910 4002; x_wconf 88' lang='lat' dir='ltr'><strong>pedunculorum</strong></span> <span class='ocrx_word' id='word_1_221' title='bbox 934 3903 1071 3976; x_wconf 89' lang='lat' dir='ltr'><strong>scilicet</strong></span> <span class='ocrx_word' id='word_1_222' title='bbox 1095 3924 1280 3999; x_wconf 86' lang='lat' dir='ltr'><strong>processus</strong></span> <span class='ocrx_word' id='word_1_223' title='bbox 1304 3898 1515 3972; x_wconf 88' lang='lat' dir='ltr'><strong>caulinares.</strong></span> 
     </span>
    </p>
   </div>
   <div class='ocr_carea' id='block_1_7' title="bbox 1031 4133 1185 4235">
    <p class='ocr_par' dir='ltr' id='par_1_8' title="bbox 1031 4133 1185 4235">
     <span class='ocr_line' id='line_1_27' title="bbox 1031 4133 1185 4235; baseline 0 -30"><span class='ocrx_word' id='word_1_224' title='bbox 1031 4135 1059 4235; x_wconf 74' lang='lat' dir='ltr'><strong>g</strong></span> <span class='ocrx_word' id='word_1_225' title='bbox 1108 4133 1185 4206; x_wconf 77' lang='lat' dir='ltr'><strong>nv,</strong></span> 
     </span>
    </p>
   </div>
   <div class='ocr_carea' id='block_1_8' title="bbox 360 4327 1857 4552">
    <p class='ocr_par' dir='ltr' id='par_1_9' title="bbox 360 4327 1857 4552">
     <span class='ocr_line' id='line_1_28' title="bbox 410 4327 1856 4430; baseline 0 -26"><span class='ocrx_word' id='word_1_226' title='bbox 410 4333 538 4422; x_wconf 88' lang='lat' dir='ltr'><strong>Quum</strong></span> <span class='ocrx_word' id='word_1_227' title='bbox 564 4330 683 4403; x_wconf 86' lang='lat' dir='ltr'><strong>adhuc</strong></span> <span class='ocrx_word' id='word_1_228' title='bbox 707 4329 865 4402; x_wconf 90' lang='lat' dir='ltr'><strong>tenerior</strong></span> <span class='ocrx_word' id='word_1_229' title='bbox 884 4345 937 4404; x_wconf 85' lang='lat' dir='ltr'><strong>est</strong></span> <span class='ocrx_word' id='word_1_230' title='bbox 958 4329 1100 4430; x_wconf 90' lang='lat' dir='ltr'><strong>planta,</strong></span> <span class='ocrx_word' id='word_1_231' title='bbox 1126 4327 1237 4402; x_wconf 89' lang='lat' dir='ltr'><strong>tubus</strong></span> <span class='ocrx_word' id='word_1_232' title='bbox 1257 4329 1369 4403; x_wconf 87' lang='lat' dir='ltr'><strong>caulis</strong></span> <span class='ocrx_word' id='word_1_233' title='bbox 1390 4331 1572 4422; x_wconf 89' lang='lat' dir='ltr'><strong>internus,</strong></span> <span class='ocrx_word' id='word_1_234' title='bbox 1596 4332 1792 4429; x_wconf 75' lang='lat' dir='ltr'><strong>praesertim</strong></span> <span class='ocrx_word' id='word_1_235' title='bbox 1809 4329 1856 4404; x_wconf 90' lang='lat' dir='ltr'><strong>ad</strong></span> 
     </span>
     <span class='ocr_line' id='line_1_29' title="bbox 360 4448 1857 4552; baseline 0 -26"><span class='ocrx_word' id='word_1_236' title='bbox 360 4465 499 4552; x_wconf 88' lang='lat' dir='ltr'><strong>partem</strong></span> <span class='ocrx_word' id='word_1_237' title='bbox 517 4448 627 4551; x_wconf 86' lang='lat' dir='ltr'><strong>hujus</strong></span> <span class='ocrx_word' id='word_1_238' title='bbox 648 4452 890 4549; x_wconf 84' lang='lat' dir='ltr'><strong>superiorem,</strong></span> <span class='ocrx_word' id='word_1_239' title='bbox 912 4453 1062 4525; x_wconf 89' lang='lat' dir='ltr'><strong>materie</strong></span> <span class='ocrx_word' id='word_1_240' title='bbox 1082 4448 1198 4523; x_wconf 72' lang='lat' dir='ltr'><strong>albida</strong></span> <span class='ocrx_word' id='word_1_241' title='bbox 1219 4449 1507 4544; x_wconf 72' lang='lat' dir='ltr'><strong>membranacei,</strong></span> <span class='ocrx_word' id='word_1_242' title='bbox 1528 4450 1687 4525; x_wconf 74' lang='lat' dir='ltr'><strong>medullis</strong></span> <span class='ocrx_word' id='word_1_243' title='bbox 1708 4476 1857 4526; x_wconf 89' lang='lat' dir='ltr'><strong>nuncu·</strong></span> 
     </span>
    </p>
   </div>
   <div class='ocr_carea' id='block_1_9' title="bbox 363 4696 1856 4877">
    <p class='ocr_par' dir='ltr' id='par_1_10' title="bbox 363 4696 1856 4877">
     <span class='ocr_line' id='line_1_30' title="bbox 430 4696 1856 4771; baseline 0 -20"><span class='ocrx_word' id='word_1_244' title='bbox 430 4698 481 4765; x_wconf 89' lang='lat'><strong>(1)</strong></span> <span class='ocrx_word' id='word_1_245' title='bbox 499 4696 588 4751; x_wconf 75' lang='lat' dir='ltr'><strong>Pretio</strong></span> <span class='ocrx_word' id='word_1_246' title='bbox 604 4696 669 4751; x_wconf 84' lang='lat' dir='ltr'><strong>d&#39;un</strong></span> <span class='ocrx_word' id='word_1_247' title='bbox 685 4698 815 4751; x_wconf 71' lang='lat' dir='ltr'><strong>memoire</strong></span> <span class='ocrx_word' id='word_1_248' title='bbox 830 4697 863 4751; x_wconf 82' lang='lat' dir='ltr'><strong>de</strong></span> <span class='ocrx_word' id='word_1_249' title='bbox 881 4697 920 4752; x_wconf 84' lang='grc' dir='ltr'><strong>Μ.</strong></span> <span class='ocrx_word' id='word_1_250' title='bbox 934 4697 1046 4767; x_wconf 79' lang='lat' dir='ltr'><strong>Mitbel,</strong></span> <span class='ocrx_word' id='word_1_251' title='bbox 1063 4715 1109 4754; x_wconf 86' lang='lat' dir='ltr'><strong>urr</strong></span> <span class='ocrx_word' id='word_1_252' title='bbox 1121 4696 1326 4771; x_wconf 79' lang='lat' dir='ltr'><strong>l&#39;organitation</strong></span> <span class='ocrx_word' id='word_1_253' title='bbox 1341 4697 1374 4752; x_wconf 85' lang='lat' dir='ltr'><strong>de</strong></span> <span class='ocrx_word' id='word_1_254' title='bbox 1389 4698 1417 4753; x_wconf 82' lang='lat' dir='ltr'><strong>la</strong></span> <span class='ocrx_word' id='word_1_255' title='bbox 1434 4698 1514 4768; x_wconf 83' lang='lat' dir='ltr'><strong>fleur,</strong></span> <span class='ocrx_word' id='word_1_256' title='bbox 1534 4717 1583 4769; x_wconf 87' lang='lat' dir='ltr'><strong>par</strong></span> <span class='ocrx_word' id='word_1_257' title='bbox 1599 4699 1638 4753; x_wconf 81' lang='lat' dir='ltr'><strong>tt.</strong></span> <span class='ocrx_word' id='word_1_258' title='bbox 1655 4698 1856 4753; x_wconf 79' lang='lat' dir='ltr'><strong>Dassontainea.</strong></span> 
     </span>
     <span class='ocr_line' id='line_1_31' title="bbox 363 4787 1622 4877; baseline -0.005 -33"><span class='ocrx_word' id='word_1_259' title='bbox 363 4790 443 4844; x_wconf 78' lang='lat' dir='ltr'><strong>Toni.</strong></span> <span class='ocrx_word' id='word_1_260' title='bbox 463 4806 496 4860; x_wconf 85' lang='lat'><strong>9,</strong></span> <span class='ocrx_word' id='word_1_261' title='bbox 519 4788 595 4843; x_wconf 83' lang='lat' dir='ltr'><strong>Anu.</strong></span> <span class='ocrx_word' id='word_1_262' title='bbox 611 4787 649 4843; x_wconf 85' lang='lat' dir='ltr'><strong>do</strong></span> <span class='ocrx_word' id='word_1_263' title='bbox 665 4803 737 4846; x_wconf 84' lang='lat' dir='ltr'><strong>mus.</strong></span> <span class='ocrx_word' id='word_1_264' title='bbox 755 4788 848 4843; x_wconf 80' lang='lat' dir='ltr'><strong>d’hiat.</strong></span> <span class='ocrx_word' id='word_1_265' title='bbox 867 4798 927 4846; x_wconf 84' lang='lat' dir='ltr'><strong>nat.</strong></span> <span class='ocrx_word' id='word_1_266' title='bbox 1601 4813 1622 4877; x_wconf 72' lang='lat'><strong>6</strong></span> 
     </span>
    </p>
   </div>
   <div class='ocr_carea' id='block_1_10' title="bbox 0 0 2225 5828">
    <p class='ocr_par' dir='ltr' id='par_1_11' title="bbox 0 0 2225 5828">
     <span class='ocr_line' id='line_1_32' title="bbox 0 0 2225 5828; baseline 0 0"><span class='ocrx_word' id='word_1_267' title='bbox 0 0 2225 5828; x_wconf 95' lang='lat' dir='ltr'><strong> </strong></span> 
     </span>
    </p>
   </div>
  </div>
 </body>
</html>
