<?xml version="1.0" encoding="UTF-8"?>
<!DOCTYPE html PUBLIC "-//W3C//DTD XHTML 1.0 Transitional//EN"
    "http://www.w3.org/TR/xhtml1/DTD/xhtml1-transitional.dtd">
<html xmlns="http://www.w3.org/1999/xhtml" xml:lang="en" lang="en">
 <head>
  <title>
</title>
<meta http-equiv="Content-Type" content="text/html;charset=utf-8" />
  <meta name='ocr-system' content='tesseract 3.04.00' />
  <meta name='ocr-capabilities' content='ocr_page ocr_carea ocr_par ocr_line ocrx_word'/>
</head>
<body>
  <div class='ocr_page' id='page_1' title='image "./responsioadqust00morrgoog_0095.png"; bbox 0 0 4388 5834; ppageno 0'>
   <div class='ocr_carea' id='block_1_1' title="bbox 1192 525 1321 625">
    <p class='ocr_par' dir='ltr' id='par_1_1' title="bbox 1192 525 1321 625">
     <span class='ocr_line' id='line_1_1' title="bbox 1192 525 1321 625; baseline 0 0"><span class='ocrx_word' id='word_1_1' title='bbox 1192 525 1321 625; x_wconf 77' lang='lat'>(⁸⁸)</span> 
     </span>
    </p>
   </div>
   <div class='ocr_carea' id='block_1_2' title="bbox 507 688 2005 1787">
    <p class='ocr_par' dir='ltr' id='par_1_2' title="bbox 507 688 2005 1787">
     <span class='ocr_line' id='line_1_2' title="bbox 507 688 2004 790; baseline 0.007 -31"><span class='ocrx_word' id='word_1_2' title='bbox 507 693 585 785; x_wconf 75' lang='lat' dir='ltr'>th.</span> <span class='ocrx_word' id='word_1_3' title='bbox 607 715 659 762; x_wconf 81' lang='lat' dir='ltr'>nr.</span> <span class='ocrx_word' id='word_1_4' title='bbox 684 693 891 782; x_wconf 85' lang='lat' dir='ltr'>Organisatio</span> <span class='ocrx_word' id='word_1_5' title='bbox 923 688 1102 759; x_wconf 75' lang='lat' dir='ltr'>tendiculae</span> <span class='ocrx_word' id='word_1_6' title='bbox 1132 703 1164 758; x_wconf 88' lang='lat' dir='ltr'>et</span> <span class='ocrx_word' id='word_1_7' title='bbox 1193 690 1350 759; x_wconf 72' lang='lat' dir='ltr'>anthero.</span> <span class='ocrx_word' id='word_1_8' title='bbox 1384 690 1599 784; x_wconf 82' lang='lat' dir='ltr'>Praeparatnm</span> <span class='ocrx_word' id='word_1_9' title='bbox 1632 695 1845 790; x_wconf 85' lang='lat' dir='ltr'>microsoopio</span> <span class='ocrx_word' id='word_1_10' title='bbox 1871 717 2004 770; x_wconf 90' lang='lat' dir='ltr'>anctum</span> 
     </span>
     <span class='ocr_line' id='line_1_3' title="bbox 685 801 2004 905; baseline 0.004 -31"><span class='ocrx_word' id='word_1_11' title='bbox 685 808 749 898; x_wconf 85' lang='lat'>(40</span> <span class='ocrx_word' id='word_1_12' title='bbox 765 809 861 872; x_wconf 91' lang='lat' dir='ltr'>diam.</span> <span class='ocrx_word' id='word_1_13' title='bbox 872 805 896 896; x_wconf 90' lang='lat'>).</span> <span class='ocrx_word' id='word_1_14' title='bbox 917 802 1096 872; x_wconf 86' lang='lat' dir='ltr'>Caudicnia</span> <span class='ocrx_word' id='word_1_15' title='bbox 1110 801 1238 871; x_wconf 80' lang='lat' dir='ltr'>etastica</span> <span class='ocrx_word' id='word_1_16' title='bbox 1258 819 1325 890; x_wconf 86' lang='lat' dir='ltr'>est,</span> <span class='ocrx_word' id='word_1_17' title='bbox 1344 820 1375 870; x_wconf 91' lang='lat' dir='ltr'>et</span> <span class='ocrx_word' id='word_1_18' title='bbox 1394 805 1459 889; x_wconf 85' lang='lat' dir='ltr'>ita,</span> <span class='ocrx_word' id='word_1_19' title='bbox 1479 821 1517 871; x_wconf 86' lang='lat' dir='ltr'>ut</span> <span class='ocrx_word' id='word_1_20' title='bbox 1534 803 1760 896; x_wconf 79' lang='lat' dir='ltr'>depinximus,</span> <span class='ocrx_word' id='word_1_21' title='bbox 1776 810 1818 875; x_wconf 86' lang='lat' dir='ltr'>ad</span> <span class='ocrx_word' id='word_1_22' title='bbox 1834 827 2004 905; x_wconf 81' lang='lat' dir='ltr'>utramque</span> 
     </span>
     <span class='ocr_line' id='line_1_4' title="bbox 685 914 1690 1008; baseline -0.003 -23"><span class='ocrx_word' id='word_1_23' title='bbox 685 919 919 998; x_wconf 79' lang='lat' dir='ltr'>extremitatem</span> <span class='ocrx_word' id='word_1_24' title='bbox 939 915 1162 1008; x_wconf 83' lang='lat' dir='ltr'>protrahitur:</span> <span class='ocrx_word' id='word_1_25' title='bbox 1189 939 1257 1007; x_wconf 88' lang='lat' dir='ltr'>quo</span> <span class='ocrx_word' id='word_1_26' title='bbox 1277 915 1313 981; x_wconf 84' lang='lat' dir='ltr'>fit</span> <span class='ocrx_word' id='word_1_27' title='bbox 1329 930 1367 981; x_wconf 90' lang='lat' dir='ltr'>ut</span> <span class='ocrx_word' id='word_1_28' title='bbox 1389 930 1482 981; x_wconf 77' lang='lat' dir='ltr'>recte</span> <span class='ocrx_word' id='word_1_29' title='bbox 1505 914 1591 981; x_wconf 86' lang='lat' dir='ltr'>fibrae</span> <span class='ocrx_word' id='word_1_30' title='bbox 1613 917 1690 983; x_wconf 83' lang='lat' dir='ltr'>sint.</span> 
     </span>
     <span class='ocr_line' id='line_1_5' title="bbox 696 1024 1697 1117; baseline -0.002 -20"><span class='ocrx_word' id='word_1_31' title='bbox 696 1054 729 1097; x_wconf 90' lang='lat' dir='ltr'>a.</span> <span class='ocrx_word' id='word_1_32' title='bbox 761 1030 931 1096; x_wconf 80' lang='lat' dir='ltr'>Fibrarum</span> <span class='ocrx_word' id='word_1_33' title='bbox 956 1027 1007 1094; x_wconf 86' lang='lat' dir='ltr'>vel</span> <span class='ocrx_word' id='word_1_34' title='bbox 1029 1050 1180 1094; x_wconf 84' lang='lat' dir='ltr'>vasorum</span> <span class='ocrx_word' id='word_1_35' title='bbox 1201 1024 1487 1117; x_wconf 84' lang='lat' dir='ltr'>longitudinalinm</span> <span class='ocrx_word' id='word_1_36' title='bbox 1509 1025 1697 1095; x_wconf 78' lang='lat' dir='ltr'>fasciculos.</span> 
     </span>
     <span class='ocr_line' id='line_1_6' title="bbox 687 1139 1216 1206; baseline 0.002 -1"><span class='ocrx_word' id='word_1_37' title='bbox 687 1140 738 1206; x_wconf 80' lang='lat' dir='ltr'>bb.</span> <span class='ocrx_word' id='word_1_38' title='bbox 763 1141 818 1205; x_wconf 85' lang='lat' dir='ltr'>Hae</span> <span class='ocrx_word' id='word_1_39' title='bbox 836 1141 922 1206; x_wconf 71' lang='lat' dir='ltr'>fibrae</span> <span class='ocrx_word' id='word_1_40' title='bbox 945 1141 998 1205; x_wconf 86' lang='lat' dir='ltr'>cui</span> <span class='ocrx_word' id='word_1_41' title='bbox 1019 1139 1216 1206; x_wconf 85' lang='lat' dir='ltr'>accumbunt</span> 
     </span>
     <span class='ocr_line' id='line_1_7' title="bbox 686 1224 1261 1342; baseline 0.002 -25"><span class='ocrx_word' id='word_1_42' title='bbox 686 1275 732 1318; x_wconf 80' lang='lat' dir='ltr'>cr.</span> <span class='ocrx_word' id='word_1_43' title='bbox 756 1251 887 1342; x_wconf 73' lang='lat' dir='ltr'>pollinis</span> <span class='ocrx_word' id='word_1_44' title='bbox 906 1224 1088 1342; x_wconf 41' lang='lat' dir='ltr'>putesne}</span> <span class='ocrx_word' id='word_1_45' title='bbox 1110 1249 1261 1342; x_wconf 67' lang='lat' dir='ltr'>capsula.</span> 
     </span>
     <span class='ocr_line' id='line_1_8' title="bbox 510 1357 2005 1455; baseline 0.004 -25"><span class='ocrx_word' id='word_1_46' title='bbox 510 1366 585 1453; x_wconf 78' lang='lat' dir='ltr'>Fig.</span> <span class='ocrx_word' id='word_1_47' title='bbox 610 1385 663 1431; x_wconf 58' lang='grc' dir='ltr'>«η.</span> <span class='ocrx_word' id='word_1_48' title='bbox 688 1363 763 1429; x_wconf 78' lang='lat' dir='ltr'>Para</span> <span class='ocrx_word' id='word_1_49' title='bbox 790 1363 934 1453; x_wconf 86' lang='lat' dir='ltr'>ejusdem</span> <span class='ocrx_word' id='word_1_50' title='bbox 962 1360 1141 1428; x_wconf 79' lang='lat' dir='ltr'>modiculae</span> <span class='ocrx_word' id='word_1_51' title='bbox 1169 1362 1202 1428; x_wconf 91' lang='lat' dir='ltr'>in</span> <span class='ocrx_word' id='word_1_52' title='bbox 1230 1376 1315 1427; x_wconf 86' lang='lat' dir='ltr'>statu</span> <span class='ocrx_word' id='word_1_53' title='bbox 1342 1357 1477 1427; x_wconf 86' lang='lat' dir='ltr'>normali</span> <span class='ocrx_word' id='word_1_54' title='bbox 1503 1360 1631 1452; x_wconf 84' lang='lat' dir='ltr'>depicta</span> <span class='ocrx_word' id='word_1_55' title='bbox 1659 1377 1691 1429; x_wconf 89' lang='lat' dir='ltr'>et</span> <span class='ocrx_word' id='word_1_56' title='bbox 1713 1384 1778 1430; x_wconf 93' lang='lat' dir='ltr'>non</span> <span class='ocrx_word' id='word_1_57' title='bbox 1810 1363 1844 1431; x_wconf 92' lang='lat' dir='ltr'>in</span> <span class='ocrx_word' id='word_1_58' title='bbox 1871 1364 2005 1455; x_wconf 80' lang='lat' dir='ltr'>longum</span> 
     </span>
     <span class='ocr_line' id='line_1_9' title="bbox 564 1470 1461 1565; baseline -0.003 -25"><span class='ocrx_word' id='word_1_59' title='bbox 564 1512 566 1517; x_wconf 95' lang='lat'>·</span> <span class='ocrx_word' id='word_1_60' title='bbox 687 1490 867 1565; x_wconf 81' lang='lat' dir='ltr'>protracta,</span> <span class='ocrx_word' id='word_1_61' title='bbox 890 1474 1104 1559; x_wconf 86' lang='lat' dir='ltr'>miotoscopio</span> <span class='ocrx_word' id='word_1_62' title='bbox 1125 1487 1218 1537; x_wconf 85' lang='lat' dir='ltr'>aucta</span> <span class='ocrx_word' id='word_1_63' title='bbox 1242 1470 1308 1560; x_wconf 79' lang='grc' dir='ltr'>(4ο</span> <span class='ocrx_word' id='word_1_64' title='bbox 1328 1471 1461 1560; x_wconf 71' lang='lat' dir='ltr'>dim).</span> 
     </span>
     <span class='ocr_line' id='line_1_10' title="bbox 687 1580 1331 1653; baseline -0.005 -2"><span class='ocrx_word' id='word_1_65' title='bbox 687 1608 720 1651; x_wconf 81' lang='lat' dir='ltr'>a.</span> <span class='ocrx_word' id='word_1_66' title='bbox 745 1581 932 1649; x_wconf 84' lang='lat' dir='ltr'>Candiculae</span> <span class='ocrx_word' id='word_1_67' title='bbox 954 1582 1139 1653; x_wconf 87' lang='lat' dir='ltr'>membrana</span> <span class='ocrx_word' id='word_1_68' title='bbox 1160 1580 1331 1650; x_wconf 88' lang='lat' dir='ltr'>includens</span> 
     </span>
     <span class='ocr_line' id='line_1_11' title="bbox 689 1694 1430 1787; baseline -0.007 -24"><span class='ocrx_word' id='word_1_69' title='bbox 689 1696 720 1763; x_wconf 85' lang='lat' dir='ltr'>b.</span> <span class='ocrx_word' id='word_1_70' title='bbox 744 1695 839 1762; x_wconf 83' lang='lat' dir='ltr'>fibras</span> <span class='ocrx_word' id='word_1_71' title='bbox 863 1696 896 1762; x_wconf 93' lang='lat' dir='ltr'>in</span> <span class='ocrx_word' id='word_1_72' title='bbox 911 1694 1013 1764; x_wconf 74' lang='lat' dir='ltr'>lineas</span> <span class='ocrx_word' id='word_1_73' title='bbox 1034 1696 1233 1787; x_wconf 82' lang='lat' dir='ltr'>sygmoideas</span> <span class='ocrx_word' id='word_1_74' title='bbox 1256 1709 1430 1760; x_wconf 82' lang='lat' dir='ltr'>contortas.</span> 
     </span>
    </p>
   </div>
   <div class='ocr_carea' id='block_1_3' title="bbox 1108 1987 1414 2061">
    <p class='ocr_par' dir='ltr' id='par_1_3' title="bbox 1108 1987 1414 2061">
     <span class='ocr_line' id='line_1_12' title="bbox 1108 1987 1414 2061; baseline -0.007 -1"><span class='ocrx_word' id='word_1_75' title='bbox 1108 1987 1301 2061; x_wconf 78' lang='lat' dir='ltr'><strong>TABULA</strong></span> <span class='ocrx_word' id='word_1_76' title='bbox 1351 1987 1414 2059; x_wconf 84' lang='lat' dir='ltr'>VI.</span> 
     </span>
    </p>
   </div>
   <div class='ocr_carea' id='block_1_4' title="bbox 696 2242 1834 2298">
    <p class='ocr_par' dir='ltr' id='par_1_4' title="bbox 696 2242 1834 2298">
     <span class='ocr_line' id='line_1_13' title="bbox 696 2242 1834 2298; baseline 0.004 -5"><span class='ocrx_word' id='word_1_77' title='bbox 696 2242 874 2294; x_wconf 73' lang='lat' dir='ltr'>onom</span> <span class='ocrx_word' id='word_1_78' title='bbox 901 2244 1361 2296; x_wconf 21' lang='lat' dir='ltr'>arnvcntntcnrtotus.</span> <span class='ocrx_word' id='word_1_79' title='bbox 1406 2244 1510 2293; x_wconf 72' lang='lat' dir='ltr'>nos</span> <span class='ocrx_word' id='word_1_80' title='bbox 1555 2245 1609 2293; x_wconf 74' lang='lat' dir='ltr'>E&#39;D</span> <span class='ocrx_word' id='word_1_81' title='bbox 1654 2242 1834 2298; x_wconf 65' lang='lat' dir='ltr'><strong>SUUM·</strong></span> 
     </span>
    </p>
   </div>
   <div class='ocr_carea' id='block_1_5' title="bbox 517 2468 1909 3422">
    <p class='ocr_par' dir='ltr' id='par_1_5' title="bbox 517 2468 1909 3422">
     <span class='ocr_line' id='line_1_14' title="bbox 517 2468 1681 2563; baseline 0 -25"><span class='ocrx_word' id='word_1_82' title='bbox 517 2473 593 2563; x_wconf 78' lang='lat' dir='ltr'>Fig.</span> <span class='ocrx_word' id='word_1_83' title='bbox 619 2495 649 2538; x_wconf 88' lang='grc' dir='ltr'>ι.</span> <span class='ocrx_word' id='word_1_84' title='bbox 672 2469 830 2538; x_wconf 80' lang='lat' dir='ltr'>Omnium</span> <span class='ocrx_word' id='word_1_85' title='bbox 850 2486 1053 2561; x_wconf 89' lang='lat' dir='ltr'>contortum,</span> <span class='ocrx_word' id='word_1_86' title='bbox 1072 2475 1157 2541; x_wconf 83' lang='lat' dir='ltr'>vitro</span> <span class='ocrx_word' id='word_1_87' title='bbox 1177 2493 1323 2541; x_wconf 84' lang='lat' dir='ltr'>convexo</span> <span class='ocrx_word' id='word_1_88' title='bbox 1338 2486 1471 2540; x_wconf 85' lang='lat' dir='ltr'>auctum</span> <span class='ocrx_word' id='word_1_89' title='bbox 1490 2468 1536 2563; x_wconf 80' lang='lat'>(8</span> <span class='ocrx_word' id='word_1_90' title='bbox 1549 2470 1681 2562; x_wconf 77' lang='lat' dir='ltr'>diam).</span> 
     </span>
     <span class='ocr_line' id='line_1_15' title="bbox 672 2583 832 2650; baseline -0.006 0"><span class='ocrx_word' id='word_1_91' title='bbox 672 2605 706 2650; x_wconf 74' lang='lat' dir='ltr'>a.</span> <span class='ocrx_word' id='word_1_92' title='bbox 730 2583 832 2649; x_wconf 81' lang='lat' dir='ltr'>Basia.</span> 
     </span>
     <span class='ocr_line' id='line_1_16' title="bbox 675 2692 1095 2762; baseline 0.005 -4"><span class='ocrx_word' id='word_1_93' title='bbox 675 2692 706 2759; x_wconf 88' lang='lat' dir='ltr'>b.</span> <span class='ocrx_word' id='word_1_94' title='bbox 730 2692 923 2760; x_wconf 80' lang='lat' dir='ltr'>Extremitns</span> <span class='ocrx_word' id='word_1_95' title='bbox 943 2694 1095 2762; x_wconf 84' lang='lat' dir='ltr'>anterior.</span> 
     </span>
     <span class='ocr_line' id='line_1_17' title="bbox 675 2800 1022 2871; baseline 0.003 -1"><span class='ocrx_word' id='word_1_96' title='bbox 675 2825 704 2870; x_wconf 81' lang='lat' dir='ltr'>o.</span> <span class='ocrx_word' id='word_1_97' title='bbox 728 2800 833 2870; x_wconf 82' lang='lat' dir='ltr'>Costae</span> <span class='ocrx_word' id='word_1_98' title='bbox 857 2818 1022 2871; x_wconf 76' lang='lat' dir='ltr'>contortae.</span> 
     </span>
     <span class='ocr_line' id='line_1_18' title="bbox 521 2911 1909 3012; baseline 0.006 -31"><span class='ocrx_word' id='word_1_99' title='bbox 521 2913 597 3006; x_wconf 77' lang='lat' dir='ltr'>Fig.</span> <span class='ocrx_word' id='word_1_100' title='bbox 620 2933 652 2981; x_wconf 76' lang='lat' dir='ltr'>a.</span> <span class='ocrx_word' id='word_1_101' title='bbox 676 2911 834 2981; x_wconf 87' lang='lat' dir='ltr'>Ovarium</span> <span class='ocrx_word' id='word_1_102' title='bbox 855 2930 1041 2983; x_wconf 83' lang='lat' dir='ltr'>contortum</span> <span class='ocrx_word' id='word_1_103' title='bbox 1056 2930 1089 2985; x_wconf 90' lang='lat' dir='ltr'>et</span> <span class='ocrx_word' id='word_1_104' title='bbox 1108 2916 1282 2986; x_wconf 86' lang='lat' dir='ltr'>deflexum.</span> <span class='ocrx_word' id='word_1_105' title='bbox 1303 2915 1398 2986; x_wconf 81' lang='lat' dir='ltr'>Vitro</span> <span class='ocrx_word' id='word_1_106' title='bbox 1418 2936 1565 2986; x_wconf 82' lang='lat' dir='ltr'>convexo</span> <span class='ocrx_word' id='word_1_107' title='bbox 1581 2918 1768 3010; x_wconf 56' lang='lat' dir='ltr'>anetum&amp;</span> <span class='ocrx_word' id='word_1_108' title='bbox 1781 2920 1909 3012; x_wconf 82' lang='lat' dir='ltr'>diam).</span> 
     </span>
     <span class='ocr_line' id='line_1_19' title="bbox 676 3025 836 3092; baseline -0.006 -1"><span class='ocrx_word' id='word_1_109' title='bbox 676 3047 710 3092; x_wconf 85' lang='lat' dir='ltr'>a.</span> <span class='ocrx_word' id='word_1_110' title='bbox 735 3025 836 3092; x_wconf 81' lang='lat' dir='ltr'>Basia.</span> 
     </span>
     <span class='ocr_line' id='line_1_20' title="bbox 680 3134 1102 3203; baseline 0.005 -2"><span class='ocrx_word' id='word_1_111' title='bbox 680 3134 711 3201; x_wconf 85' lang='lat' dir='ltr'>b.</span> <span class='ocrx_word' id='word_1_112' title='bbox 735 3134 930 3201; x_wconf 82' lang='lat' dir='ltr'>Extremitas</span> <span class='ocrx_word' id='word_1_113' title='bbox 949 3136 1102 3203; x_wconf 82' lang='lat' dir='ltr'>anterior.</span> 
     </span>
     <span class='ocr_line' id='line_1_21' title="bbox 680 3241 1029 3312; baseline 0.009 -3"><span class='ocrx_word' id='word_1_114' title='bbox 680 3266 709 3310; x_wconf 85' lang='lat' dir='ltr'>c.</span> <span class='ocrx_word' id='word_1_115' title='bbox 733 3241 840 3311; x_wconf 74' lang='lat' dir='ltr'>Corte</span> <span class='ocrx_word' id='word_1_116' title='bbox 860 3259 1029 3312; x_wconf 73' lang='lat' dir='ltr'>contorte.</span> 
     </span>
     <span class='ocr_line' id='line_1_22' title="bbox 681 3351 863 3422; baseline 0.011 -3"><span class='ocrx_word' id='word_1_117' title='bbox 681 3351 714 3420; x_wconf 81' lang='lat' dir='ltr'>d.</span> <span class='ocrx_word' id='word_1_118' title='bbox 738 3351 863 3422; x_wconf 79' lang='lat' dir='ltr'>Calcat.</span> 
     </span>
    </p>
   </div>
   <div class='ocr_carea' id='block_1_6' title="bbox 526 3462 2027 4638">
    <p class='ocr_par' dir='ltr' id='par_1_6' title="bbox 526 3462 2027 4638">
     <span class='ocr_line' id='line_1_23' title="bbox 526 3462 2021 3562; baseline 0.005 -30"><span class='ocrx_word' id='word_1_119' title='bbox 526 3465 603 3556; x_wconf 65' lang='grc' dir='ltr'>Εἰς.</span> <span class='ocrx_word' id='word_1_120' title='bbox 625 3463 658 3532; x_wconf 82' lang='lat'>3.</span> <span class='ocrx_word' id='word_1_121' title='bbox 681 3462 839 3532; x_wconf 83' lang='lat' dir='ltr'>Ovnrium</span> <span class='ocrx_word' id='word_1_122' title='bbox 855 3480 1040 3535; x_wconf 75' lang='lat' dir='ltr'>contortum</span> <span class='ocrx_word' id='word_1_123' title='bbox 1056 3480 1235 3537; x_wconf 82' lang='lat' dir='ltr'>transverse</span> <span class='ocrx_word' id='word_1_124' title='bbox 1252 3480 1386 3534; x_wconf 85' lang='lat' dir='ltr'>sectum.</span> <span class='ocrx_word' id='word_1_125' title='bbox 1404 3465 1500 3536; x_wconf 84' lang='lat' dir='ltr'>Vitro</span> <span class='ocrx_word' id='word_1_126' title='bbox 1518 3488 1664 3536; x_wconf 84' lang='lat' dir='ltr'>convexo</span> <span class='ocrx_word' id='word_1_127' title='bbox 1681 3485 1814 3538; x_wconf 83' lang='lat' dir='ltr'>anctum</span> <span class='ocrx_word' id='word_1_128' title='bbox 1830 3471 1874 3562; x_wconf 87' lang='grc'>(6</span> <span class='ocrx_word' id='word_1_129' title='bbox 1890 3471 2021 3559; x_wconf 80' lang='lat' dir='ltr'>diam).</span> 
     </span>
     <span class='ocr_line' id='line_1_24' title="bbox 683 3575 841 3642; baseline 0.006 -1"><span class='ocrx_word' id='word_1_130' title='bbox 683 3598 716 3641; x_wconf 87' lang='lat' dir='ltr'>a.</span> <span class='ocrx_word' id='word_1_131' title='bbox 740 3575 841 3642; x_wconf 80' lang='lat' dir='ltr'>Basia.</span> 
     </span>
     <span class='ocr_line' id='line_1_25' title="bbox 683 3684 877 3753; baseline 0.005 -1"><span class='ocrx_word' id='word_1_132' title='bbox 683 3685 714 3752; x_wconf 86' lang='lat' dir='ltr'>b.</span> <span class='ocrx_word' id='word_1_133' title='bbox 738 3684 877 3753; x_wconf 83' lang='lat' dir='ltr'>Semina.</span> 
     </span>
     <span class='ocr_line' id='line_1_26' title="bbox 684 3794 1065 3864; baseline 0.01 -4"><span class='ocrx_word' id='word_1_134' title='bbox 684 3818 713 3861; x_wconf 78' lang='lat' dir='ltr'>a.</span> <span class='ocrx_word' id='word_1_135' title='bbox 737 3794 867 3862; x_wconf 78' lang='lat' dir='ltr'>Caritas</span> <span class='ocrx_word' id='word_1_136' title='bbox 893 3795 1065 3864; x_wconf 79' lang='lat' dir='ltr'>seminalis.</span> 
     </span>
     <span class='ocr_line' id='line_1_27' title="bbox 529 3903 1828 4000; baseline 0.001 -24"><span class='ocrx_word' id='word_1_137' title='bbox 529 3906 605 3997; x_wconf 71' lang='lat' dir='ltr'>mg.</span> <span class='ocrx_word' id='word_1_138' title='bbox 626 3904 659 3973; x_wconf 83' lang='lat'>4.</span> <span class='ocrx_word' id='word_1_139' title='bbox 683 3903 791 3974; x_wconf 76' lang='lat' dir='ltr'>Sentio</span> <span class='ocrx_word' id='word_1_140' title='bbox 809 3905 1029 3974; x_wconf 74' lang='lat' dir='ltr'>transversariis</span> <span class='ocrx_word' id='word_1_141' title='bbox 1047 3908 1159 3974; x_wconf 77' lang='lat' dir='ltr'>orarii.</span> <span class='ocrx_word' id='word_1_142' title='bbox 1183 3907 1278 3976; x_wconf 87' lang='lat' dir='ltr'>Vitro</span> <span class='ocrx_word' id='word_1_143' title='bbox 1295 3927 1441 3976; x_wconf 81' lang='lat' dir='ltr'>convexo</span> <span class='ocrx_word' id='word_1_144' title='bbox 1458 3921 1592 3977; x_wconf 80' lang='lat' dir='ltr'>auotmn</span> <span class='ocrx_word' id='word_1_145' title='bbox 1613 3910 1677 4000; x_wconf 67' lang='grc' dir='ltr'>(ια</span> <span class='ocrx_word' id='word_1_146' title='bbox 1698 3909 1828 3999; x_wconf 81' lang='lat' dir='ltr'>diam).</span> 
     </span>
     <span class='ocr_line' id='line_1_28' title="bbox 692 4014 1167 4085; baseline 0 -2"><span class='ocrx_word' id='word_1_147' title='bbox 692 4037 726 4083; x_wconf 89' lang='lat' dir='ltr'>a.</span> <span class='ocrx_word' id='word_1_148' title='bbox 759 4014 888 4083; x_wconf 78' lang='lat' dir='ltr'>Caritas</span> <span class='ocrx_word' id='word_1_149' title='bbox 909 4018 1035 4085; x_wconf 85' lang='lat' dir='ltr'>interna</span> <span class='ocrx_word' id='word_1_150' title='bbox 1056 4018 1167 4085; x_wconf 83' lang='lat' dir='ltr'>orarii.</span> 
     </span>
     <span class='ocr_line' id='line_1_29' title="bbox 686 4125 906 4194; baseline 0.005 -1"><span class='ocrx_word' id='word_1_151' title='bbox 686 4126 741 4194; x_wconf 83' lang='lat' dir='ltr'>o&#39;.</span> <span class='ocrx_word' id='word_1_152' title='bbox 764 4125 906 4194; x_wconf 84' lang='lat' dir='ltr'>Semina.</span> 
     </span>
     <span class='ocr_line' id='line_1_30' title="bbox 698 4234 1259 4321; baseline 0.009 -19"><span class='ocrx_word' id='word_1_153' title='bbox 698 4234 730 4303; x_wconf 82' lang='lat' dir='ltr'>b.</span> <span class='ocrx_word' id='word_1_154' title='bbox 766 4236 932 4305; x_wconf 79' lang='lat' dir='ltr'>seminum</span> <span class='ocrx_word' id='word_1_155' title='bbox 952 4235 1188 4308; x_wconf 78' lang='lat' dir='ltr'>fulcimentum.</span> <span class='ocrx_word' id='word_1_156' title='bbox 1254 4315 1259 4321; x_wconf 59' lang='grc'><strong>,</strong></span> 
     </span>
     <span class='ocr_line' id='line_1_31' title="bbox 698 4343 932 4413; baseline 0.009 -2"><span class='ocrx_word' id='word_1_157' title='bbox 698 4368 727 4412; x_wconf 85' lang='lat' dir='ltr'>c.</span> <span class='ocrx_word' id='word_1_158' title='bbox 764 4343 932 4413; x_wconf 81' lang='lat' dir='ltr'>Ovarium.</span> 
     </span>
     <span class='ocr_line' id='line_1_32' title="bbox 535 4453 2027 4553; baseline 0.007 -30"><span class='ocrx_word' id='word_1_159' title='bbox 535 4458 612 4548; x_wconf 65' lang='grc' dir='ltr'>Εἰς.</span> <span class='ocrx_word' id='word_1_160' title='bbox 632 4457 666 4526; x_wconf 88' lang='grc'>5.</span> <span class='ocrx_word' id='word_1_161' title='bbox 689 4453 846 4524; x_wconf 77' lang='lat' dir='ltr'>Omnium</span> <span class='ocrx_word' id='word_1_162' title='bbox 869 4454 1147 4546; x_wconf 79' lang='lat' dir='ltr'>longitudinaliter</span> <span class='ocrx_word' id='word_1_163' title='bbox 1170 4475 1306 4530; x_wconf 83' lang='lat' dir='ltr'>sectum.</span> <span class='ocrx_word' id='word_1_164' title='bbox 1337 4459 1433 4531; x_wconf 83' lang='lat' dir='ltr'>Vitro</span> <span class='ocrx_word' id='word_1_165' title='bbox 1456 4480 1603 4529; x_wconf 82' lang='lat' dir='ltr'>convexo</span> <span class='ocrx_word' id='word_1_166' title='bbox 1628 4459 1803 4530; x_wconf 74' lang='lat' dir='ltr'>adauctum</span> <span class='ocrx_word' id='word_1_167' title='bbox 1832 4461 1880 4551; x_wconf 79' lang='lat'>(6</span> <span class='ocrx_word' id='word_1_168' title='bbox 1898 4461 2027 4553; x_wconf 85' lang='lat' dir='ltr'>ditrn.).</span> 
     </span>
     <span class='ocr_line' id='line_1_33' title="bbox 690 4566 972 4638; baseline 0.014 -5"><span class='ocrx_word' id='word_1_169' title='bbox 690 4589 725 4634; x_wconf 83' lang='lat' dir='ltr'>a.</span> <span class='ocrx_word' id='word_1_170' title='bbox 747 4566 836 4637; x_wconf 71' lang='lat' dir='ltr'>Baris</span> <span class='ocrx_word' id='word_1_171' title='bbox 860 4568 972 4638; x_wconf 79' lang='lat' dir='ltr'>orarii.</span> 
     </span>
    </p>
   </div>
   <div class='ocr_carea' id='block_1_7' title="bbox 0 0 2198 5828">
    <p class='ocr_par' dir='ltr' id='par_1_7' title="bbox 0 0 2198 5828">
     <span class='ocr_line' id='line_1_34' title="bbox 0 0 2198 5828; baseline 0 0"><span class='ocrx_word' id='word_1_172' title='bbox 0 0 2198 5828; x_wconf 95' lang='lat' dir='ltr'> </span> 
     </span>
    </p>
   </div>
  </div>
 </body>
</html>
