4388 5834
924 520 1054 621 (61)

242 691 288 765 in'
312 688 502 766 cavitatem
535 688 747 789 gynostemii
775 700 964 761 transeunt
987 687 1204 780 caudicum,
1227 688 1285 761 ita
1300 702 1343 763 ut
1366 691 1405 762 in
1428 686 1557 791 vaginis
1578 692 1734 794 quddam

242 813 508 886 contineantur.
536 810 748 884 Retinaculo
769 809 965 882 adhaerent.

291 962 329 1034 γ.
355 931 496 1007 Formd
524 930 737 1033 cylindrica,
764 929 954 1003 filiformis.
995 997 1002 1011 ,
1083 928 1084 932 ’

295 1052 326 1133 δ.
357 1055 535 1125 Electiod
557 1055 596 1125 vi
623 1051 752 1150 magnb
775 1051 922 1151 gaudet.

294 1203 319 1252 ε.
363 1172 492 1245 Colore
517 1170 609 1250 flavo
636 1170 775 1247 induta.

852 1404 880 1503 g
928 1405 1131 1479 Lxxvrn.

826 1599 891 1671 Do
940 1601 1160 1673 Ponnrno

294 1808 422 1882 Pollen
440 1819 582 1880 tantum
607 1808 645 1878 in
662 1805 811 1880 antbert
826 1807 1024 1882 invenitur.
1050 1806 1169 1895 Quam
1194 1807 1349 1881 maxime
1365 1808 1444 1910 eJ‘us
1458 1810 1577 1883 studio
1593 1835 1740 1909 operam

246 1954 379 2004 narare
404 1926 567 2000 Botanici
594 1929 762 1999 interest:
791 1952 875 2000 nam
897 1928 936 1999 in
962 1925 1106 2025 pollinis
1130 1925 1246 1998 formd
1275 1929 1529 2029 structuraque
1561 1933 1741 2028 reperitur

248 2074 423 2149 generum
444 2048 716 2121 Orchidaearum
736 2048 914 2120 distinctio
932 2045 1189 2145 simplicissima
1206 2060 1244 2119 et
1260 2047 1532 2148 elegantissima.
1546 2049 1742 2123 Massarum

247 2170 307 2246 vel
329 2168 565 2242 massularum
593 2166 738 2265 pollinis
764 2167 911 2238 nomine
937 2164 976 2237 id
997 2167 1191 2264 insignitur
1215 2166 1314 2267 quod
1336 2169 1495 2242 antherae
1516 2169 1633 2242 locnla
1654 2193 1743 2241 con-

246 2292 372 2363 tineat.
400 2291 495 2388 Ergo
516 2290 556 2360 in
579 2285 798 2360 Orclridibus
817 2285 899 2358 duae
919 2298 1004 2358 sunt
1018 2311 1141 2359 massae
1157 2287 1198 2359 in
1218 2290 1502 2379 numismatum,
1524 2304 1568 2362 ut
1588 2289 1743 2362 botanici

246 2410 348 2510 loqui
378 2409 518 2501 solent„
552 2407 723 2500 antber53
750 2433 835 2480 nam
860 2404 930 2481 alio
955 2431 1062 2479 sensu
1092 2432 1165 2507 quo
1190 2407 1271 2480 duae
1298 2409 1457 2482 antherae
1484 2422 1744 2502 numerantur,

247 2533 354 2605 unica
378 2544 520 2605 tantum
544 2531 715 2602 massaio
737 2526 846 2600 unicd
869 2527 1019 2601 antberb
1042 2540 1176 2602 exstat:
1201 2528 1320 2602 sedin
1342 2528 1450 2602 verba
1472 2530 1631 2628 magistri
1647 2528 1740 2629 juro.

297 2653 487 2753 Quidquid
503 2650 548 2725 de
564 2676 607 2725 eo
623 2653 685 2742 sit,
708 2649 944 2723 nibilominus
967 2662 1110 2723 textura
1130 2650 1274 2748 pollinis
1296 2649 1434 2723 trifarie
1455 2653 1594 2722 variare
1613 2662 1744 2747 potest.

248 2772 370 2848 Massae
394 2797 526 2871 nempe
551 2783 700 2870 possunt
723 2795 798 2844 esse
825 2773 879 2841 1⁰.
902 2771 1071 2854 sectiles,
1102 2773 1155 2842 2⁰.
1175 2772 1416 2868 granulosoe,
1443 2770 1497 2844 3⁰.
1520 2772 1672 2843 solidoe.

297 2892 443 2985 Polion,
465 2906 509 2967 ut
531 2895 582 2964 ait
602 2892 774 2966 Rioborcl
792 2891 842 2989 (l.
864 2890 889 2963 l.
907 2918 944 2992 p.
964 2891 1036 2990 45)
1055 2905 1225 2991 tauquam
1248 2916 1270 2961 u
1288 2890 1410 2964 Massae
1430 2891 1611 2966 contracti
1632 2890 1746 2984 mole,

248 3012 515 3087 dehiscentibus
538 3012 671 3087 loculis
689 3010 869 3088 minores'’
896 3010 1105 3087 observatur
1128 3013 1168 3085 in
1194 3009 1423 3085 Orchidibus.

297 3134 447 3208 Sectiles
464 3147 551 3207 sunt
566 3159 686 3207 massae
702 3159 858 3234 quarum
877 3133 1019 3206 criteria
1042 3132 1139 3205 tantd
1158 3131 1241 3205 luce
1257 3158 1277 3205 a
1296 3130 1529 3206 celeberrimo
1549 3132 1612 3206 illo
1633 3131 1745 3207 Bota-

248 3253 391 3351 niphilo
416 3268 649 3352 exponuntur
676 3266 719 3326 ut
746 3253 889 3329 viribus.
909 3256 1050 3327 nonnisi
1082 3253 1248 3327 accedam
1276 3255 1413 3354 impar:
1440 3281 1531 3354 ergo
1556 3254 1745 3329 referenda

250 3372 360 3447 verba
384 3374 538 3446 auctoris
564 3372 703 3471 judico:

299 3517 321 3565 (ε
338 3491 459 3565 Massae
488 3492 644 3583 sectiles,
676 3493 798 3590 inquit
818 3491 832 3590 (
849 3474 881 3567 l..
899 3492 925 3565 l.
950 3518 987 3590 p.
1014 3491 1088 3589 35)
1113 3491 1429 3592 longitndinaliter
1451 3492 1577 3567 divisse
1599 3505 1684 3567 sunt
1707 3496 1747 3567 in

250 3612 352 3687 binas
376 3612 563 3704 massulos3
593 3615 770 3712 primum,
799 3613 988 3715 interjecto
1009 3613 1150 3712 septulo
1174 3637 1195 3685 e
1215 3611 1331 3686 fundo
1357 3611 1558 3686 loculorum
1585 3613 1746 3686 antherae

250 3733 295 3808 ad
323 3748 486 3808 suturam
518 3733 761 3807 dehiscibilem
792 3748 983 3831 protenso,
1017 3731 1220 3833 sejunctas3
1258 3731 1341 3805 dein
1367 3731 1559 3804 obliterato
1585 3732 1671 3822 illo,
1702 3732 1748 3805 ad

249 3858 406 3933 invicem
427 3854 691 3929 accumbentes.
720 3854 881 3928 Massulae
905 3853 950 3927 ab
971 3855 1129 3928 extrorsd
1151 3880 1179 3926 s.
1198 3851 1357 3925 convert
1380 3851 1473 3922 focis
1494 3850 1745 3949 multipliciter

251 3978 506 4077 profundeque
542 3975 781 4048 diffinduntur
812 3978 851 4048 in
887 3976 1080 4075 particulas
1111 3997 1265 4046 numero
1295 3958 1499 4044 indefinitas
1529 3969 1655 4067 (Tae.
1687 3971 1746 4044 V.

240 4098 318 4197 figa
344 4101 403 4170 18.
430 4098 475 4187 ἅς
496 4095 750 4196 fig.19.ad‚·
770 4095 848 4194 fig.
873 4096 947 4192 20)
980 4097 1128 4194 pressim
1155 4094 1358 4191 contiguas,
1389 4091 1611 4188 inaequales,
1650 4091 1748 4164 varie

251 4219 458 4316 angulatas:
481 4219 537 4290 hae
553 4241 677 4291 omnes
698 4217 779 4287 imis
794 4214 938 4288 basibus
952 4215 1008 4287 'ad
1027 4215 1237 4287 rationalem
1258 4212 1379 4285 Massae
1400 4214 1495 4284 anim
1514 4238 1542 4284 s.
1559 4214 1748 4286 introrsum

252 4337 488 4412 massularum
518 4338 645 4409 faciem
674 4335 928 4427 tendentibus,
957 4334 1086 4410 leviter
1115 4349 1152 4408 et
1175 4337 1283 4408 unico
1313 4347 1422 4407 strato
1447 4358 1618 4406 connexae
1640 4346 1749 4424 sunt3.

253 4461 403 4532 materie
429 4457 478 4530 ibi
495 4456 611 4529 laxius
637 4456 803 4529 contexti
825 4459 1094 4558 tenerioreque,
1122 4471 1160 4531 et
1182 4457 1266 4532 ideo
1285 4459 1325 4528 in
1352 4454 1409 4528 fila
1432 4452 1577 4526 elastica
1602 4452 1751 4526 facilius

254 4578 469 4681 protractili,
499 4578 613 4652 rarius
634 4576 952 4654 etiom‘evanidbd
