4320 5820
1013 577 1142 676 (67)

326 744 436 817 loculi
461 745 614 818 veniunt
640 743 764 841 (Tab.
790 744 839 816 V
837 744 875 816 1.
888 744 964 842 fig.
988 743 1029 832 3,
1052 744 1075 835 4
1096 757 1135 814 et
1154 743 1187 816 5.
1203 743 1227 838 ).
1256 743 1344 816 Tres
1370 745 1477 817 series
1503 748 1681 820 seminum
1703 747 1825 822 obser-

328 879 459 940 vantur
477 878 514 938 et
533 867 598 936 tria
617 865 834 963 placentaria
851 867 966 962 (Tan.
984 865 1036 937 V
1032 866 1068 935 1.
1078 865 1156 963 fig.
1177 869 1236 943 17.
1253 908 1302 922 -
1325 866 1416 937 Tab.
1435 867 1483 938 V
1483 869 1520 937 I.
1528 869 1604 966 fig.
1626 870 1661 960 4.
1681 871 1728 966 b)
1743 896 1824 969 quae

328 1011 460 1084 organa
478 987 597 1056 omnia
626 988 885 1057 contorsionem
909 985 953 1057 de
972 985 1043 1084 qual
1067 985 1178 1059 locuti
1201 987 1356 1076 fuimus,
1379 986 1537 1059 subeunt
1559 988 1664 1084 (Vnt.
1689 990 1707 1085 ᾗ
1728 992 1823 1087 (ib).

379 1107 470 1177 Vasa
493 1121 531 1178 et
559 1107 712 1179 traclreae
736 1133 816 1204 quae
841 1110 1004 1180 orarium
1028 1121 1266 1206 percurrunt,
1296 1121 1508 1203 separantur
1541 1112 1578 1180 in
1607 1109 1728 1207 plures
1753 1112 1827 1182 sas-

330 1226 483 1316 ciculos,
513 1228 560 1297 ita
585 1240 694 1299 uter
721 1228 777 1298 his
799 1228 975 1320 nonnulla
996 1255 1061 1327 per
1085 1231 1238 1327 parietes
1261 1241 1460 1321 transeant,
1488 1229 1567 1302 aliae
1590 1256 1611 1302 e
1637 1245 1759 1304 contra
1786 1235 1824 1304 in

327 1346 588 1448 placentarium
613 1347 867 1421 extendantur.

376 1469 418 1539 In
446 1467 546 1539 Liliis
578 1469 633 1565 (1)
663 1468 736 1540 duo
762 1468 925 1541 fasciculi
954 1467 1124 1540 tuborum
1152 1469 1191 1540 iu
1222 1468 1419 1567 parietibus
1443 1472 1573 1561 orarii,
1608 1496 1724 1569 qutun
1758 1474 1826 1547 boc

327 1589 482 1662 liberum
509 1602 580 1678 est,
607 1591 864 1678 inveniuntur,
889 1603 926 1661 et
951 1591 1104 1688 quisque
1126 1589 1319 1661 fasciculus
1342 1590 1550 1662 extenditur
1573 1618 1637 1688 per
1661 1609 1825 1667 suturam

328 1710 392 1783 ubi
415 1711 656 1807 pericarpium
687 1711 923 1808 aperiendum
949 1724 1013 1781 est.

376 1829 513 1899 Eadem
535 1831 676 1900 criteria
700 1829 935 1902 observantur
955 1832 993 1900 in
1020 1827 1179 1901 Orchide
1202 1827 1373 1918 latifolii,
1403 1829 1443 1901 eal
1468 1844 1587 1901 tamen
1622 1831 1826 1907 differentia

328 1948 425 2048 quod
446 1948 525 2020 loco
547 1950 722 2039 duorum,
747 1964 817 2021 tres
839 1951 1000 2022 fasciculi
1026 1951 1399 2048 reperiunturlTab.
1422 1952 1507 2024 VI.
1527 1952 1605 2050 fig.
1631 1957 1691 2031 17.
1717 1957 1799 2053 cb).

378 2067 627 2141 Numerantur
650 2070 823 2167 praeterea
848 2082 918 2141 tres
947 2070 1199 2141 fasciculorum
1229 2074 1364 2167 species
1389 2074 1454 2170 qui
1481 2074 1656 2170 originem
1686 2074 1828 2148 ‹lucunt

331 2214 349 2259 a
372 2185 593 2284 placentario
623 2203 660 2259 et
687 2189 817 2260 deinde
840 2196 876 2260 iu
901 2189 1030 2260 ssorum
1054 2191 1313 2286 integumentis
1335 2193 1595 2264 extenduntur.

379 2308 464 2380 Tela
487 2309 668 2382 cellularis
692 2312 731 2382 in
749 2312 872 2383 Ovarii
895 2311 1091 2384 substantia
1113 2325 1150 2383 et
1171 2311 1416 2412 parencbymn
1438 2312 1589 2410 perinde
1609 2338 1650 2384 ac
1673 2314 1711 2384 in
1733 2314 1827 2388 soliis

328 2454 484 2529 quorum
507 2430 662 2504 colorem
688 2430 819 2521 babet,
846 2435 1037 2530 reperitur.

930 2665 958 2764 ς
1006 2667 1231 2740 Lxxxvu.

380 2885 577 2958 Filamenta
602 2889 797 2958 staminum
821 2884 1079 2959 nonnullarum
1103 2885 1308 2983 plantarum
1331 2885 1374 2956 ad
1398 2897 1564 2958 centrum
1589 2911 1699 2959 sunm
1723 2887 1829 2958 exhi-

332 3005 419 3079 bent
444 3032 591 3078 massam
624 3007 850 3079 traclrearum
882 3032 962 3104 quae
994 3005 1099 3076 modo
1125 3030 1168 3077 eu
1199 3005 1386 3103 placenta,
1416 3004 1521 3076 modo
1550 3029 1593 3076 ex
1627 3007 1831 3104 periantbio

332 3139 451 3199 ortum
475 3126 628 3198 ducunt.
663 3128 705 3198 ln
735 3126 894 3199 Orchide
926 3125 1075 3197 latifolia
1104 3124 1164 3196 illa
1192 3128 1343 3197 stamina
1376 3127 1552 3223 originem
1582 3151 1683 3198 suam
1714 3127 1833 3226 Gyra-

332 3247 495 3317 noatenio
524 3245 667 3317 debent.
694 3247 919 3320 Structuram
943 3248 1137 3316 staminum
1162 3243 1230 3316 sub
1254 3245 1324 3316 alio
1347 3258 1513 3341 respectu
1538 3247 1799 3319 examinemus.

381 3366 529 3440 Jamdiu
565 3367 829 3442 Celeberrimns
872 3367 1067 3439 Dulramel
1106 3365 1299 3437 arbitratus
1333 3375 1411 3435 erat
1443 3377 1634 3461 rupturam
1671 3365 1832 3439 antherae

333 3488 479 3559 omniuo
503 3512 579 3559 csse
602 3490 866 3578 mechanicam,
889 3502 998 3585 atque
1021 3491 1134 3585 ipsam
1157 3483 1391 3583 sequentibus
1417 3487 1532 3556 causis
1555 3484 1694 3557 tribuit.

382 3610 435 3678 1⁰.
463 3606 588 3695 Quum
613 3633 695 3704 pars
710 3607 853 3705 pollinis
871 3607 1000 3679 elllnxa
1023 3620 1094 3693 est,
1118 3604 1361 3703 aequilibrium
1383 3605 1584 3701 rumpitur:
1606 3605 1691 3678 inde
1707 3609 1833 3707 organi

335 3725 546 3800 vaccillatio.
578 3729 632 3797 2⁰.
656 3728 859 3799 Contractio
875 3729 915 3798 lit
929 3727 1156 3797 trachearum
1182 3750 1247 3824 per
1264 3750 1352 3822 quas
1368 3723 1518 3797 anthera
1542 3750 1626 3798 cum
1651 3725 1833 3800 filamento

333 3845 579 3946 conjungitur.
600 3845 675 3919 Cel.
694 3849 842 3920 Mirbel
854 3849 1085 3947 posteriorem
1110 3847 1204 3919 hauc
1221 3846 1464 3919 conditionem
1481 3846 1705 3945 sagacissimo
1726 3848 1832 3921 modo

332 3964 539 4064 explicavit.

383 4083 553 4158 Tracheae
576 4112 657 4185 quae
678 4112 779 4160 sacco
799 4088 1032 4160 antlrerarum
1051 4089 1300 4178 continentur,
1317 4100 1403 4159 aunt
1423 4112 1502 4160 vasa
1524 4086 1666 4159 elastica
1682 4087 1721 4158 in
1735 4087 1832 4160 heli-

336 4228 415 4278 cem
443 4218 624 4295 contorta‚
651 4220 688 4277 et
710 4221 874 4296 extensa,
897 4232 1012 4305 quum
1043 4205 1143 4279 nulla
1166 4207 1285 4280 adhuc
1305 4206 1448 4307 pollinis
1471 4207 1599 4308 ejectio
1621 4206 1741 4280 locum
1764 4208 1833 4279 ha-

335 4322 427 4397 buit.
456 4324 527 4396 Sed
557 4323 666 4396 simul
694 4352 735 4398 ac
759 4326 943 4425 egreditur
963 4326 1104 4425 pollen,
1134 4328 1289 4400 tracheae
1316 4327 1600 4417 contrahuntur,
1631 4352 1713 4425 pars
1734 4328 1831 4399 euim

334 4443 438 4518 fluidi
460 4445 558 4543 quod
577 4447 781 4538 continent,
807 4447 922 4520 effluit
945 4473 1029 4521 cum
1052 4449 1202 4548 pulvere
1226 4449 1397 4550 prolifico.
1430 4448 1542 4545 Spirae
1565 4449 1831 4522 contrahuntur

335 4575 372 4634 at
397 4563 547 4636 anthera
578 4564 747 4641 vacillans
775 4571 886 4667 magis
911 4572 1084 4667 aperitur.

403 4769 454 4836 (ι)
472 4768 538 4824 vit.
563 4771 681 4838 Mirbel,
705 4783 781 4827 aaut·
802 4774 837 4828 ds
852 4775 880 4828 la
898 4774 966 4831 fleur
988 4793 1054 4832 ann.
1072 4795 1143 4833 mna.
1161 4797 1187 4849 9.
