4388 5834
907 519 1013 620 (7)

211 717 293 794 veg.
323 692 543 792 50.1009.)
578 689 755 765 Nonnulli
778 697 941 762 auctores
976 684 1240 761 Orchidearum
1268 686 1372 762 flores
1401 688 1608 788 spathaceos
1639 715 1707 765 vo-

212 826 318 906 cant,
348 814 512 914 quamvis
544 811 670 912 spathd
694 809 786 884 mihi
810 832 932 882 carere
963 808 1146 886 videntur.
1181 807 1265 883 vid.
1298 809 1352 883 (ll.
1387 811 1513 898 Bose,
1548 810 1705 898 Poiret,

213 946 283 1008 etc.
309 959 430 1034 opera.
1721 1025 1739 1038 ‚.

263 1054 538 1130 Characteribus
566 1053 671 1128 modo
698 1052 1002 1144 commemoratis,
1029 1065 1219 1151 sequentes
1239 1052 1372 1129 addere
1398 1080 1471 1127 non
1494 1053 1625 1129 inutile
1646 1051 1709 1154 ju-

213 1175 437 1252 dicavimus:
469 1175 514 1248 ab
536 1176 678 1274 organis
700 1174 941 1273 generationis
967 1171 1231 1248 desumuntur:

263 1299 423 1372 Stamina
447 1296 588 1372 duobus
613 1295 774 1397 parvulis
797 1295 987 1367 filamentis
1009 1295 1237 1387 innituntur,
1266 1295 1485 1368 extremitati
1512 1306 1549 1367 et
1571 1295 1709 1394 regioni

213 1420 365 1493 internae
392 1421 550 1519 corporis
575 1418 758 1494 cavernosi
783 1416 907 1515 pistilli
923 1416 1076 1509 'insertis
1103 1428 1141 1488 et
1174 1415 1263 1489 duas
1288 1416 1455 1490 antheras
1482 1415 1601 1490 cvales
1628 1439 1709 1489 sus-

212 1538 424 1613 tinentibus.

199 1750 202 1756 Ι
262 1658 440 1734 Ovarium
464 1659 646 1750 inferum,
675 1655 890 1755 oblongum,
913 1655 1022 1730 sulcis
1048 1670 1232 1749 notatum,
1260 1670 1298 1729 et
1323 1669 1528 1730 contortum
1557 1655 1711 1728 sustinet

212 1778 336 1854 stilum
350 1777 685 1870 membranaceum,
702 1790 1019 1869 concavum‚etc.;
1037 1778 1164 1877 stigma
1181 1801 1424 1875 compressum
1436 1789 1473 1849 et
1483 1776 1625 1874 largum
1643 1787 1709 1847 est.
1820 1840 1823 1851 ,

263 1898 417 1998 Capsula
441 1912 495 1971 est
523 1898 706 1996 elongata,
735 1897 875 1990 striata,
903 1910 1086 1991 contorta,
1121 1898 1265 1991 obtusa,
1295 1912 1369 1971 tres
1398 1911 1510 1972 costas
1542 1895 1711 1970 habetet

213 2016 330 2098 tribus
355 2020 517 2119 aperitur
543 2017 682 2094 loculis.

889 2199 1030 2301 grv.

263 2409 360 2484 Fieri
382 2408 567 2484 interdum
593 2424 732 2511 potest,
760 2423 805 2484 ut
832 2408 1007 2483 Orchides
1034 2434 1119 2483 oum
1155 2409 1388 2512 Ophrydibus
1412 2407 1709 2498 confundantur,

159 2597 164 2609 ,
214 2527 371 2632 ideoque
392 2557 467 2604 non
486 2531 618 2606 inutile
640 2545 732 2605 esset
754 2531 912 2631 phrasim
935 2531 1212 2608 differentialem
1234 2548 1272 2608 et
1292 2532 1515 2608 essentialem
1533 2528 1713 2630 cujusque

214 2653 357 2750 generis
381 2651 553 2724 indicare.

264 2770 474 2846 Posterioris
499 2772 641 2871 generis
667 2771 809 2846 criteria
838 2772 915 2845 haec
941 2786 1047 2847 sunt:

263 2892 467 2966 Lubellum
494 2893 726 2990 dependens,
756 2894 891 2965 subtus
918 2897 1151 2982 casinatem,
1179 2895 1371 2983 lobatum3
1399 2896 1529 2966 calcar
1552 2893 1712 2965 nullum.

266 3012 457 3113 Quidquid
488 3015 527 3086 in
559 3011 778 3087 Orchidibus
805 3010 1034 3105 observatur,
1072 3017 1179 3086 etiam
1206 3014 1245 3085 in
1274 3011 1508 3113 Ophrydibus
1534 3013 1714 3101 occurrit,

216 3132 279 3210 sed
304 3134 448 3208 corollae
473 3134 646 3210 labellum
669 3133 794 3234 (calyx
819 3133 954 3232 Juss.)
981 3145 1034 3205 est
1056 3133 1239 3232 pendens,
1266 3136 1488 3226 carinatum,
1517 3147 1556 3206 et
1576 3132 1715 3207 calcare

216 3254 364 3327 omnino
391 3254 617 3328 destitutum.
646 3253 756 3328 llicce
780 3252 943 3328 defectus
964 3252 1145 3352 Ophrides
1167 3255 1332 3352 inprimis
1353 3252 1513 3327 denotat.

783 3489 1027 3598 sv-

265 3689 396 3783 Quosd
423 3689 649 3764 definitiones
672 3717 893 3791 organorum
927 3689 1117 3783 Orchidis,
1150 3702 1314 3766 auctores
1345 3690 1384 3766 in
1413 3689 1568 3770 ffiversas
1596 3703 1716 3789 partes

213 3812 364 3888 abeunt.
387 3813 445 3886 Sic
466 3813 650 3886 Linnoeus
666 3826 704 3887 et
719 3839 843 3887 ornnes
866 3815 931 3912 qui
956 3812 1036 3916 ejus
1060 3810 1220 3909 amplexi
1240 3823 1327 3884 sunt
1351 3823 1526 3910 systema,
1544 3809 1713 3885 corollam

212 3933 443 4035 dicit,.quam
453 3933 612 4008 Jussieu
628 3948 813 4034 tamquam
830 3933 978 4011 calicem
988 3933 1207 4028 babst3-Cel.
1230 3934 1417 4013 Lanwmb
1430 3946 1468 4007 et
1478 3933 1716 4006 Decondollc
1753 3964 1756 3969 ·

213 4054 306 4130 huic
331 4057 425 4153 parti
444 4056 652 4156 generalius
671 4082 808 4131 nomen
835 4056 1037 4158 Perigonii
1063 4055 1244 4132 dederunt
1265 4055 1345 4155 (1);
1388 4055 1449 4128 alii
1471 4053 1526 4152 (2)
1558 4054 1720 4153 denique

213 4200 299 4250 eum
324 4177 576 4250 Periuntkum
598 4191 742 4253 uocant.
776 4178 849 4255 Ati
863 4181 979 4255 ώσω
1005 4179 1153 4252 nomine
1175 4180 1286 4274 sequi
1308 4177 1546 4278 desigudrunt
1572 4177 1716 4252 caulem

217 4320 301 4397 quin
321 4282 426 4370 nuliis
440 4321 533 4372 sera
552 4298 685 4372 ιοαυὶίε
709 4312 778 4374 est.
810 4300 958 4395 Plures,
987 4323 1035 4381 ne
1062 4299 1179 4374 dicam
1204 4324 1329 4378 ones
1351 4298 1516 4374 Batanici
1540 4297 1718 4372 timeren-

286 4551 339 4623 (s)
351 4552 398 4607 ΕΙ.
417 4552 455 4608 fr.
478 4570 508 4618 ¹„
527 4554 556 4608 5.
574 4555 637 4610 aas

286 4642 335 4711 (a)
352 4642 436 4712 Bono,
456 4643 522 4698 dict.
544 4642 641 4700 d'hist.
660 4654 736 4715 nst,
760 4656 813 4702 art.
840 4645 957 4718 Oratis,
981 4656 1002 4703 t.
1023 4646 1111 4718 XVI,
1127 4643 1290 4702 Daunius.
