4388 5834
1011 503 1139 603 (77)

490 674 524 745 d.
547 674 631 743 Nori
650 672 813 743 tubercuii
834 694 902 742 non
921 669 1093 740 evolvendi
1108 669 1331 738 rudimentum
1352 671 1453 762 majus
1477 667 1656 739 evolutum.

492 808 521 854 e.
548 785 679 852 Radicis
703 783 801 852 fibra.
883 834 886 839 -

480 894 520 984 j.
546 893 695 982 Segmina
720 894 871 962 turionis.

338 1003 418 1097 Fig.
434 1003 467 1073 8.
492 1004 594 1072 Partis
612 1004 774 1072 inferioris
796 1003 896 1072 caulis
920 1004 1018 1073 iacies
1041 1004 1213 1096 posterior.

493 1137 534 1204 a,
553 1115 583 1183 b.
607 1116 736 1182 Eaedem
756 1130 864 1207 partes
879 1138 917 1183 ac
937 1117 971 1184 in
992 1116 1327 1209 precederetigurt.

526 1247 572 1292 cc.
611 1224 742 1292 Radicis
763 1223 861 1292 fibra.

534 1333 568 1402 d.
608 1333 731 1403 Cauiis.

506 1457 510 1464 '
540 1469 570 1515 e.
616 1444 701 1514 Nori
728 1443 890 1515 tuberculi
916 1468 985 1515 non
1016 1446 1187 1517 evolvendi
1206 1449 1429 1519 rudimentum
1448 1449 1586 1519 maximi
1611 1449 1778 1519 evolutum
1804 1467 1835 1519 et

497 1558 581 1625 iniri
601 1579 795 1649 expansum.

343 1666 423 1761 Fig.
439 1692 472 1760 9.
496 1667 603 1737 Sentio
622 1665 840 1736 transversalis
860 1666 953 1754 colli,
972 1682 1010 1734 ut
1030 1683 1184 1760 appareat
1205 1669 1374 1761 dispositio
1394 1670 1510 1739 radicis
1532 1670 1685 1740 fibrarum
1704 1672 1837 1764 quadri·

496 1782 643 1870 gemina,
671 1803 746 1847 cum
765 1779 874 1847 adbuc
894 1780 1036 1848 tenerior
1056 1778 1196 1848 babetur
1214 1779 1338 1873 planta.

519 1916 552 1958 a.
577 1890 706 1983 Corpus
731 1891 860 1958 radicis.

521 2002 551 2069 b.
576 2001 680 2070 Fibra
696 2003 813 2070 radicis
828 2002 1015 2069 decussata.

343 2113 424 2206 Fig.
445 2135 497 2182 ιο.
521 2114 641 2202 Figura
665 2114 730 2206 qui
754 2115 789 2180 in
812 2111 919 2180 lucem
941 2112 1051 2203 prodit
1075 2112 1193 2203 positio
1213 2112 1336 2182 alterna
1363 2113 1515 2182 fibrarum
1537 2113 1673 2201 radicis,
1700 2137 1837 2205 quarum

521 2227 594 2294 duae
618 2225 819 2316 superiores,
842 2223 915 2290 duae
932 2236 1040 2290 nutem
1062 2223 1244 2291 inferiores.

552 2360 585 2404 a.
638 2334 766 2428 Corpus
786 2335 1014 2403 intermedium
1031 2333 1162 2402 radicis.

538 2447 589 2514 bb.
635 2446 739 2514 Fibrae
757 2447 940 2514 inferiores.

523 2558 616 2626 b'b'.
641 2558 746 2625 Fibrae
768 2560 965 2650 superiores.

347 2669 426 2760 Fig.
448 2693 498 2738 ιι.
523 2669 662 2757 Figura,
688 2668 898 2756 ligamentum
926 2692 994 2763 quo
1023 2672 1206 2759 junguntur
1223 2666 1347 2735 radices
1372 2663 1496 2733 fibrosae
1516 2663 1558 2731 ad
1583 2662 1702 2732 collum
1723 2662 1838 2733 radicis

522 2777 574 2846 vel
593 2778 756 2847 tuberculi
779 2779 979 2872 exprimens,
1002 2781 1085 2847 vitro
1107 2802 1255 2847 convexo
1273 2792 1369 2845 aucta
1391 2775 1432 2867 (ὲ
1453 2773 1586 2864 diam).

522 2914 555 2958 a.
580 2888 709 2982 Corpus
730 2891 957 2958 intermedium
977 2888 1029 2958 vel
1047 2891 1165 2959 radicis
1185 2887 1317 2957 collum.

523 3000 553 3067 b.
577 2999 694 3068 Fibrae.

523 3136 550 3180 c.
578 3114 803 3201 Lignmentum
822 3112 875 3182 rel
894 3136 968 3206 pars
988 3113 1123 3182 inferior
1142 3126 1305 3182 contracta
1325 3107 1424 3176 fibrae.

347 3221 426 3313 Fig.
446 3244 498 3291 ra.
521 3223 641 3311 Figura
663 3224 796 3291 modum
821 3225 1004 3316 exprimens
1027 3250 1094 3320 quo
1114 3227 1299 3320 perforatur
1324 3221 1508 3290 membrana
1536 3241 1676 3310 squama
1703 3217 1841 3285 turionis

525 3334 640 3401 radicis
661 3334 759 3419 fibri,
784 3334 869 3402 vitro
889 3358 1034 3405 convexo
1055 3353 1150 3405 aucta
1176 3335 1246 3427 (aff
1264 3335 1362 3401 diam.
1372 3333 1397 3421 ).

524 3466 558 3510 a.
582 3443 769 3511 Membrana
787 3468 965 3536 papyracea
985 3449 1137 3516 turionis.

525 3552 556 3620 b.
580 3553 736 3619 Foramen
757 3574 824 3644 quo
846 3556 959 3622 transit
978 3555 1056 3622 fibra
1073 3578 1133 3647 per
1149 3552 1377 3621 membranam.

351 3662 431 3755 Fig.
451 3664 503 3732 ιδ.
527 3663 645 3751 Figura
665 3664 810 3751 stigmata
828 3666 1086 3756 perforationum
1107 3663 1257 3731 binarum
1276 3681 1484 3754 squamarum
1503 3659 1642 3728 turionis
1663 3662 1844 3750 exprimens

526 3775 635 3867 (auct.
656 3785 701 3858 a÷
718 3777 850 3864 diam).

526 3909 559 3953 a.
583 3885 770 3953 Membrana
796 3909 948 3980 squama.

528 4000 560 4066 b.
584 3999 692 4066 Fibra.

528 4132 555 4174 c.
584 4108 691 4176 Unius
712 4108 940 4200 perforationis
962 4105 1155 4200 antiquioris
1173 4120 1257 4173 nota
1280 4100 1462 4170 circulares.

528 4213 562 4282 d.
586 4215 728 4284 Alterius
750 4218 881 4308 quidem
899 4216 1086 4284 recentioris
1102 4214 1329 4307 perforationis
1350 4228 1435 4280 notae
1453 4209 1636 4280 circulares.

351 4326 431 4417 Fig.
450 4326 502 4395 14.
525 4325 702 4394 Tuberculi
719 4327 911 4418 antiquioris
931 4327 1054 4417 figura,
1074 4348 1115 4395 ex
1140 4349 1207 4420 quo
1226 4326 1293 4394 exit
1315 4339 1348 4394 et
1367 4325 1512 4394 nascitur
1532 4321 1624 4389 fibra.

527 4461 561 4503 a.
584 4436 768 4504 Divisiones
788 4436 961 4506 tuberculi.

529 4548 560 4614 b.
584 4545 712 4615 Caritas
733 4549 842 4619 forsan
862 4547 1032 4620 anormalis
1050 4563 1083 4619 et
1099 4546 1234 4619 fortuita
1256 4545 1322 4640 qud
1342 4545 1410 4614 exit

528 4683 556 4727 c.
585 4657 675 4727 fibra.
