4388 5834
1033 458 1161 559 (43)

394 629 450 703 Ad
472 626 550 729 ejus
572 628 798 726 superficiem
822 626 1007 699 innumeri
1024 640 1109 699 sunt
1131 626 1228 726 pori,
1249 627 1410 726 margine
1428 629 1595 702 circulari
1613 632 1671 706 vel
1689 632 1842 736 oblongo

345 751 585 824 circumducti
608 748 918 849 (Tab.1V.fig.
938 746 997 819 15.
1024 747 1085 843 b).
1113 748 1183 819 Per
1204 745 1283 818 illos
1306 773 1409 845 poros
1426 748 1562 848 ubique
1583 750 1717 852 absque
1733 755 1843 830 dubio

344 874 548 949 instituitur
580 872 858 944 communicatio
888 871 983 941 inter
1007 871 1127 939 adrem
1158 868 1373 939 exteriorem
1404 868 1621 944 ambientem
1647 887 1684 945 et
1710 901 1844 973 paren-

344 994 519 1094 chymum
536 992 725 1083 loliorum,
743 1016 825 1089 quae
845 988 1125 1062 communicatio
1141 985 1358 1060 exhalationi
1375 1003 1412 1061 et
1431 993 1628 1066 excretioni
1648 993 1842 1072 fluidorum

345 1113 467 1187 locum
495 1110 683 1211 praeberet.

396 1233 437 1328 β.
465 1231 616 1305 Maculae
637 1228 770 1329 quibus
801 1229 910 1302 facies
936 1231 1099 1328 superior
1122 1229 1293 1304 soliorum
1323 1232 1573 1333 distinguitur,
1605 1263 1677 1309 non
1704 1240 1844 1337 produ-

346 1369 501 1444 cuntur,
524 1367 568 1426 ut
593 1379 612 1425 a
635 1352 820 1426 nonnullis
842 1352 939 1425 credi
962 1366 1097 1450 posset,
1126 1378 1172 1425 ex
1196 1353 1518 1429 modificationibus
1546 1359 1799 1458 parenchymi3
1823 1387 1843 1435 e

344 1487 487 1565 contra,
505 1487 625 1546 ortum
638 1472 780 1546 ducunt
797 1497 840 1545 ex
860 1473 1076 1548 coloratione
1092 1476 1236 1573 speciali
1254 1491 1291 1548 et
1307 1477 1457 1549 limitati
1474 1482 1676 1577 superficiei
1691 1483 1844 1557 internae

345 1594 564 1668 membranae
581 1596 657 1666 aive
675 1593 905 1693 epidermidis
920 1619 984 1668 sou
1000 1594 1171 1668 cuticulae
1187 1599 1380 1695 superioris
1396 1597 1513 1692 (Tab.
1528 1600 1554 1670 1
1557 1600 1616 1670 V.
1625 1600 1701 1699 fig.
1718 1606 1778 1680 17.
1792 1604 1844 1700 c).

394 1717 451 1789 Ex
473 1740 516 1788 eo
532 1715 606 1788 solo
623 1714 720 1814 quod
745 1717 910 1787 materies
931 1714 1092 1787 colorans
1115 1716 1307 1814 deponitur
1323 1717 1367 1789 ad
1388 1716 1466 1789 folii
1485 1720 1711 1816 superficiem
1733 1747 1846 1820 supe-

345 1839 478 1910 riorem
500 1861 582 1934 quae
603 1835 781 1933 aptissima
798 1848 852 1907 est
873 1835 1068 1908 fluidorum
1086 1838 1302 1927 excretioni,
1326 1836 1542 1911 concludere
1559 1839 1637 1912 fere
1657 1867 1846 1938 possumus

345 1959 458 2056 ipsam
474 1957 658 2028 materiem
671 1979 715 2028 en
732 1955 793 2028 illt
806 1957 1011 2029 excretione
1026 1956 1084 2030 vel
1096 1956 1220 2028 saltem
1238 1956 1451 2056 quibusdam
1467 1957 1587 2032 lluidis
1602 1961 1845 2059 peculiaribus

347 2077 510 2151 coloratis
533 2077 696 2176 produci.
726 2078 885 2150 Omnino
906 2079 1114 2177 ignoramus
1136 2079 1224 2178 quid
1249 2080 1401 2176 figuram
1425 2079 1649 2153 macularum
1671 2080 1846 2154 determi-

345 2211 426 2288 nat,
450 2199 525 2270 sive
549 2196 625 2269 aliis
642 2196 759 2270 verbis
776 2197 864 2297 quid
882 2197 959 2270 illas
976 2199 1124 2292 limitat3
1142 2198 1204 2270 sed
1225 2197 1359 2271 directi
1380 2198 1624 2274 observatione
1645 2215 1744 2300 patet
1765 2230 1846 2277 ma·

348 2316 447 2391 culas
464 2317 542 2390 illas
557 2316 696 2389 nullam
714 2315 835 2389 subire
851 2319 1153 2416 interruptionem
1170 2316 1215 2390 ob
1228 2343 1308 2391 vasa
1325 2317 1600 2417 longitudinalia
1616 2346 1699 2420 quoa
1714 2321 1845 2398 folium

346 2451 570 2537 percurrunt
596 2450 634 2509 et
658 2437 767 2510 sulcis
792 2449 944 2530 notant3
974 2437 1072 2537 quod
1094 2452 1265 2536 praeterea
1291 2464 1312 2509 a
1338 2439 1449 2536 priori
1476 2438 1545 2511 dici
1573 2454 1733 2540 poterat,
1760 2443 1845 2541 quia

347 2558 499 2632 maculae
531 2560 709 2658 originem
739 2583 842 2631 suam
875 2582 948 2629 non
983 2557 1125 2632 ducunt
1152 2583 1197 2632 ex
1226 2558 1470 2660 perenchymo
1503 2560 1600 2658 quod
1629 2560 1745 2635 solum
1774 2562 1846 2636 illis

346 2681 438 2755 vasis
459 2692 639 2751 exaratur.
674 2678 750 2750 Hoc
777 2678 916 2750 factum
940 2691 1061 2751 tamen
1083 2677 1244 2752 absoluto
1266 2704 1373 2752 sensu
1396 2677 1563 2754 affirmari
1590 2707 1663 2754 non
1686 2694 1844 2781 poterat,

346 2825 431 2872 nam
462 2824 507 2871 ex
535 2798 701 2898 plurimis
730 2798 986 2896 experimentis
1018 2797 1157 2898 jamdiu
1182 2801 1221 2871 in
1248 2799 1334 2872 alias
1361 2800 1500 2898 plantas
1526 2803 1716 2894 institutis,
1744 2803 1845 2876 nobis

347 2918 530 2992 constabat
553 2921 740 2993 materiem
757 2918 994 3009 colorantem,
1012 2916 1097 2990 licet
1118 2917 1199 2990 telae
1216 2917 1356 2991 cellulis
1373 2920 1687 3018 comprehensam,
1711 2921 1755 2994 ab
1774 2923 1846 2996 illis

347 3057 470 3117 tamen
492 3042 581 3115 adeo
604 3066 680 3114 esse
702 3040 889 3131 affectam,
912 3051 955 3112 ut
977 3036 1055 3140 ejus
1082 3037 1196 3112 forma
1221 3037 1307 3111 inde
1331 3036 1559 3113 limitaretur.
1594 3041 1651 3113 Ab
1678 3040 1847 3116 omnibus

345 3165 514 3237 materies
532 3187 680 3237 nervosa
704 3160 937 3234 Celeberrimi
956 3157 1171 3231 Dutrochet
1184 3159 1410 3258 cognoscitur
1426 3158 1497 3256 (1),
1522 3161 1634 3257 ipsam
1653 3159 1847 3260 diligenter

316 3345 318 3350 .
347 3287 387 3358 in
399 3286 582 3358 Crassuld
593 3285 810 3383 coplatione
820 3282 1122 3373 examinavimus,
1134 3293 1172 3355 et
1182 3303 1325 3379 semper
1341 3277 1498 3351 maculas
1510 3278 1692 3372 obscuras,
1707 3280 1845 3375 fuscas,

346 3403 564 3502 irregulares
589 3416 627 3475 et
653 3404 792 3477 actione
815 3402 907 3475 acidi
934 3400 1055 3474 nitrici
1080 3398 1294 3498 productas,
1319 3420 1413 3495 saepe
1441 3421 1516 3468 sese
1538 3397 1587 3469 ita
1610 3399 1846 3474 extendentes

347 3523 524 3615 vidimus,
552 3536 594 3596 ut
617 3521 717 3596 nulla
739 3523 857 3620 paries
881 3519 963 3594 telae
986 3517 1168 3591 cellularis
1188 3518 1272 3616 ipsis
1299 3516 1438 3589 obstare
1464 3542 1665 3616 earumque
1691 3520 1845 3596 formam

347 3647 541 3718 immutare
570 3655 698 3742 posset.
734 3641 886 3714 Maculae
914 3638 986 3712 illae
1017 3637 1191 3737 plurimas
1218 3636 1366 3711 cellulas
1393 3638 1670 3737 percurrebant,
1704 3666 1774 3714 nec
1799 3667 1846 3714 ex

348 3765 480 3839 harum
510 3763 691 3839 structuri
722 3761 799 3836 ullo
829 3758 935 3833 modo
966 3757 1146 3858 pendebat
1180 3769 1362 3832 structura
1397 3783 1609 3834 acervorum
1638 3786 1684 3832 ex
1714 3760 1846 3860 quibus

348 3884 641 3970 maculaeortum
664 3907 772 3957 suum
795 3879 988 3954 ducebant.
1015 3880 1070 3951 Ex
1094 3877 1162 3951 haic
1188 3879 1410 3978 experientia
1432 3878 1560 3979 conjici
1587 3894 1728 3978 poterat
1749 3884 1846 3955 exis-

348 4010 461 4080 tentia
476 4032 648 4106 pororum
667 4007 706 4077 in
725 4003 934 4077 membranis
950 3999 1032 4075 telae
1048 4000 1280 4092 cellularum,
1297 4003 1361 4100 qui
1382 4001 1462 4100 pori
1482 4001 1845 4076 communicationem

348 4129 387 4200 in
410 4125 474 4199 has
492 4129 741 4216 instituerent,
761 4125 812 4196 sic
833 4123 1033 4198 faciliorem
1054 4121 1249 4195 redderent
1269 4123 1532 4194 concretionem
1557 4120 1720 4219 plurium
1744 4147 1848 4194 acer-

348 4271 478 4321 vorum
501 4246 671 4317 moteriei
693 4243 783 4317 salso
805 4242 936 4316 habitae
956 4267 1144 4329 nervosae,
1167 4268 1249 4342 quae
1265 4243 1425 4341 primum
1447 4240 1587 4314 cellulis
1614 4255 1783 4339 separatae
1809 4255 1848 4315 et

349 4363 480 4439 deinde
490 4366 629 4436 a’ctione
642 4364 893 4436 contractionis
904 4363 1005 4437 acido
1016 4365 1145 4439 uitrico
1156 4366 1353 4466 productae,
1367 4390 1491 4438 rursus
1502 4362 1704 4465 conjunctae
1716 4377 1844 4438 essent.

417 4618 455 4688 (ι)
473 4616 573 4671 Struct.
592 4614 645 4668 int.
667 4614 713 4669 da
732 4615 864 4672 animaux
881 4627 909 4671 et
927 4618 1069 4690 vtgttaux.
