<?xml version="1.0" encoding="UTF-8"?>
<!DOCTYPE html PUBLIC "-//W3C//DTD XHTML 1.0 Transitional//EN"
    "http://www.w3.org/TR/xhtml1/DTD/xhtml1-transitional.dtd">
<html xmlns="http://www.w3.org/1999/xhtml" xml:lang="en" lang="en">
 <head>
  <title>
</title>
<meta http-equiv="Content-Type" content="text/html;charset=utf-8" />
  <meta name='ocr-system' content='tesseract 3.04.00' />
  <meta name='ocr-capabilities' content='ocr_page ocr_carea ocr_par ocr_line ocrx_word'/>
</head>
<body>
  <div class='ocr_page' id='page_1' title='image "./responsioadqust00morrgoog_0020.png"; bbox 0 0 4320 5820; ppageno 0'>
   <div class='ocr_carea' id='block_1_1' title="bbox 910 577 1039 678">
    <p class='ocr_par' dir='ltr' id='par_1_1' title="bbox 910 577 1039 678">
     <span class='ocr_line' id='line_1_1' title="bbox 910 577 1039 678; baseline -0.016 0"><span class='ocrx_word' id='word_1_1' title='bbox 910 577 1039 678; x_wconf 85' lang='lat'>(13)</span> 
     </span>
    </p>
   </div>
   <div class='ocr_carea' id='block_1_2' title="bbox 213 744 1723 1456">
    <p class='ocr_par' dir='ltr' id='par_1_2' title="bbox 276 744 927 843">
     <span class='ocr_line' id='line_1_2' title="bbox 276 744 927 843; baseline -0.006 -25"><span class='ocrx_word' id='word_1_2' title='bbox 276 748 319 818; x_wconf 92' lang='lat' dir='ltr'><strong>ln</strong></span> <span class='ocrx_word' id='word_1_3' title='bbox 351 745 438 820; x_wconf 88' lang='lat' dir='ltr'><strong>flore</strong></span> <span class='ocrx_word' id='word_1_4' title='bbox 465 746 701 819; x_wconf 79' lang='lat' dir='ltr'><strong>observantur</strong></span> <span class='ocrx_word' id='word_1_5' title='bbox 727 744 927 843; x_wconf 88' lang='lat' dir='ltr'><strong>sequentia.</strong></span> 
     </span>
    </p>

    <p class='ocr_par' dir='ltr' id='par_1_3' title="bbox 275 863 1443 967">
     <span class='ocr_line' id='line_1_3' title="bbox 275 863 1443 967; baseline -0.003 -26"><span class='ocrx_word' id='word_1_6' title='bbox 275 869 452 944; x_wconf 87' lang='lat' dir='ltr'><strong>Ovarium</strong></span> <span class='ocrx_word' id='word_1_7' title='bbox 477 870 516 940; x_wconf 91' lang='lat' dir='ltr'><strong>in</strong></span> <span class='ocrx_word' id='word_1_8' title='bbox 539 867 721 967; x_wconf 88' lang='lat' dir='ltr'><strong>plerisque</strong></span> <span class='ocrx_word' id='word_1_9' title='bbox 745 863 939 965; x_wconf 85' lang='lat' dir='ltr'><strong>generibus</strong></span> <span class='ocrx_word' id='word_1_10' title='bbox 963 865 1137 964; x_wconf 84' lang='lat' dir='ltr'><strong>europaeis</strong></span> <span class='ocrx_word' id='word_1_11' title='bbox 1157 877 1211 938; x_wconf 87' lang='lat' dir='ltr'><strong>est</strong></span> <span class='ocrx_word' id='word_1_12' title='bbox 1236 865 1391 962; x_wconf 83' lang='lat' dir='ltr'><strong>sessile(</strong></span> <span class='ocrx_word' id='word_1_13' title='bbox 1418 867 1443 965; x_wconf 91' lang='lat'><strong>).</strong></span> 
     </span>
    </p>

    <p class='ocr_par' dir='ltr' id='par_1_4' title="bbox 277 986 1145 1086">
     <span class='ocr_line' id='line_1_4' title="bbox 277 986 1145 1086; baseline -0.005 -24"><span class='ocrx_word' id='word_1_14' title='bbox 277 988 539 1063; x_wconf 87' lang='lat' dir='ltr'><strong>Pedicellatum</strong></span> <span class='ocrx_word' id='word_1_15' title='bbox 567 1002 689 1062; x_wconf 89' lang='lat' dir='ltr'><strong>autem</strong></span> <span class='ocrx_word' id='word_1_16' title='bbox 716 989 755 1059; x_wconf 93' lang='lat' dir='ltr'><strong>in</strong></span> <span class='ocrx_word' id='word_1_17' title='bbox 779 986 962 1086; x_wconf 87' lang='lat' dir='ltr'><strong>plerisque</strong></span> <span class='ocrx_word' id='word_1_18' title='bbox 986 986 1145 1058; x_wconf 79' lang='lat' dir='ltr'><strong>exoticis.</strong></span> 
     </span>
    </p>

    <p class='ocr_par' dir='ltr' id='par_1_5' title="bbox 213 1107 1723 1456">
     <span class='ocr_line' id='line_1_5' title="bbox 279 1107 1723 1208; baseline 0.001 -25"><span class='ocrx_word' id='word_1_19' title='bbox 279 1109 512 1202; x_wconf 78' lang='lat' dir='ltr'><strong>contortum,</strong></span> <span class='ocrx_word' id='word_1_20' title='bbox 536 1110 763 1208; x_wconf 80' lang='lat' dir='ltr'><strong>frequentius</strong></span> <span class='ocrx_word' id='word_1_21' title='bbox 784 1111 822 1182; x_wconf 92' lang='lat' dir='ltr'><strong>in</strong></span> <span class='ocrx_word' id='word_1_22' title='bbox 842 1109 1035 1207; x_wconf 79' lang='lat' dir='ltr'><strong>europaeis3</strong></span> <span class='ocrx_word' id='word_1_23' title='bbox 1066 1107 1250 1180; x_wconf 90' lang='lat' dir='ltr'><strong>interdum</strong></span> <span class='ocrx_word' id='word_1_24' title='bbox 1274 1110 1313 1181; x_wconf 93' lang='lat' dir='ltr'><strong>in</strong></span> <span class='ocrx_word' id='word_1_25' title='bbox 1337 1108 1410 1182; x_wconf 90' lang='lat' dir='ltr'><strong>solo</strong></span> <span class='ocrx_word' id='word_1_26' title='bbox 1432 1109 1606 1208; x_wconf 87' lang='lat' dir='ltr'><strong>pedicello</strong></span> <span class='ocrx_word' id='word_1_27' title='bbox 1626 1115 1723 1185; x_wconf 90' lang='lat' dir='ltr'><strong>exis-</strong></span> 
     </span>
     <span class='ocr_line' id='line_1_6' title="bbox 229 1229 1720 1334; baseline 0.003 -31"><span class='ocrx_word' id='word_1_28' title='bbox 229 1232 275 1303; x_wconf 93' lang='lat' dir='ltr'><strong>tit</strong></span> <span class='ocrx_word' id='word_1_29' title='bbox 296 1232 403 1303; x_wconf 89' lang='lat' dir='ltr'><strong>torsio</strong></span> <span class='ocrx_word' id='word_1_30' title='bbox 427 1231 683 1327; x_wconf 89' lang='lat' dir='ltr'><strong>(contorsionis</strong></span> <span class='ocrx_word' id='word_1_31' title='bbox 697 1231 808 1332; x_wconf 89' lang='lat' dir='ltr'><strong>hujus</strong></span> <span class='ocrx_word' id='word_1_32' title='bbox 831 1255 973 1303; x_wconf 86' lang='lat' dir='ltr'><strong>causam</strong></span> <span class='ocrx_word' id='word_1_33' title='bbox 995 1244 1116 1327; x_wconf 90' lang='lat' dir='ltr'><strong>postea</strong></span> <span class='ocrx_word' id='word_1_34' title='bbox 1142 1229 1344 1305; x_wconf 87' lang='lat' dir='ltr'><strong>videbimus</strong></span> <span class='ocrx_word' id='word_1_35' title='bbox 1365 1244 1402 1304; x_wconf 91' lang='lat' dir='ltr'><strong>et</strong></span> <span class='ocrx_word' id='word_1_36' title='bbox 1423 1231 1720 1334; x_wconf 83' lang='lat' dir='ltr'><strong>explicabimus).</strong></span> 
     </span>
     <span class='ocr_line' id='line_1_7' title="bbox 213 1351 1540 1456; baseline -0.001 -30"><span class='ocrx_word' id='word_1_37' title='bbox 213 1448 217 1456; x_wconf 18' lang='grc' dir='ltr'>ι</span> <span class='ocrx_word' id='word_1_38' title='bbox 273 1352 360 1426; x_wconf 86' lang='lat' dir='ltr'><strong>Non</strong></span> <span class='ocrx_word' id='word_1_39' title='bbox 390 1365 613 1446; x_wconf 88' lang='lat' dir='ltr'><strong>contortum,</strong></span> <span class='ocrx_word' id='word_1_40' title='bbox 641 1353 757 1426; x_wconf 89' lang='lat' dir='ltr'><strong>rarius</strong></span> <span class='ocrx_word' id='word_1_41' title='bbox 783 1354 822 1426; x_wconf 92' lang='lat' dir='ltr'><strong>in</strong></span> <span class='ocrx_word' id='word_1_42' title='bbox 846 1353 1042 1452; x_wconf 81' lang='lat' dir='ltr'><strong>europaeis3</strong></span> <span class='ocrx_word' id='word_1_43' title='bbox 1072 1353 1112 1424; x_wconf 92' lang='lat' dir='ltr'><strong>iu</strong></span> <span class='ocrx_word' id='word_1_44' title='bbox 1139 1352 1286 1425; x_wconf 84' lang='lat' dir='ltr'><strong>exoticis</strong></span> <span class='ocrx_word' id='word_1_45' title='bbox 1308 1351 1487 1450; x_wconf 90' lang='lat' dir='ltr'><strong>solitum(</strong></span> <span class='ocrx_word' id='word_1_46' title='bbox 1514 1355 1540 1451; x_wconf 89' lang='lat'><strong>).</strong></span> 
     </span>
    </p>
   </div>
   <div class='ocr_carea' id='block_1_3' title="bbox 891 1585 1052 1685">
    <p class='ocr_par' dir='ltr' id='par_1_6' title="bbox 891 1585 1052 1685">
     <span class='ocr_line' id='line_1_8' title="bbox 891 1585 1052 1685; baseline -0.012 -26"><span class='ocrx_word' id='word_1_47' title='bbox 891 1586 919 1685; x_wconf 70' lang='lat' dir='ltr'>g</span> <span class='ocrx_word' id='word_1_48' title='bbox 967 1585 1052 1659; x_wconf 84' lang='lat' dir='ltr'><strong>xv.</strong></span> 
     </span>
    </p>
   </div>
   <div class='ocr_carea' id='block_1_4' title="bbox 171 1792 1726 4060">
    <p class='ocr_par' dir='ltr' id='par_1_7' title="bbox 229 1792 1723 2016">
     <span class='ocr_line' id='line_1_9' title="bbox 279 1792 1723 1897; baseline 0.003 -31"><span class='ocrx_word' id='word_1_49' title='bbox 279 1793 333 1866; x_wconf 94' lang='lat' dir='ltr'><strong>Ut</strong></span> <span class='ocrx_word' id='word_1_50' title='bbox 355 1795 464 1869; x_wconf 87' lang='lat' dir='ltr'><strong>finem</strong></span> <span class='ocrx_word' id='word_1_51' title='bbox 486 1795 645 1870; x_wconf 89' lang='lat' dir='ltr'><strong>historiae</strong></span> <span class='ocrx_word' id='word_1_52' title='bbox 666 1795 821 1868; x_wconf 91' lang='lat' dir='ltr'><strong>naturali</strong></span> <span class='ocrx_word' id='word_1_53' title='bbox 844 1794 1003 1894; x_wconf 85' lang='lat' dir='ltr'><strong>generali</strong></span> <span class='ocrx_word' id='word_1_54' title='bbox 1027 1792 1138 1891; x_wconf 87' lang='lat' dir='ltr'><strong>bujus</strong></span> <span class='ocrx_word' id='word_1_55' title='bbox 1159 1795 1366 1894; x_wconf 90' lang='lat' dir='ltr'><strong>plantarum</strong></span> <span class='ocrx_word' id='word_1_56' title='bbox 1393 1803 1534 1896; x_wconf 85' lang='lat' dir='ltr'><strong>generis</strong></span> <span class='ocrx_word' id='word_1_57' title='bbox 1558 1800 1723 1897; x_wconf 90' lang='lat' dir='ltr'><strong>impona-</strong></span> 
     </span>
     <span class='ocr_line' id='line_1_10' title="bbox 229 1913 1520 2016; baseline 0.002 -28"><span class='ocrx_word' id='word_1_58' title='bbox 229 1940 329 2006; x_wconf 89' lang='lat' dir='ltr'><strong>mus,</strong></span> <span class='ocrx_word' id='word_1_59' title='bbox 353 1915 454 1988; x_wconf 93' lang='lat' dir='ltr'><strong>uobis</strong></span> <span class='ocrx_word' id='word_1_60' title='bbox 477 1914 597 1989; x_wconf 93' lang='lat' dir='ltr'><strong>adhuc</strong></span> <span class='ocrx_word' id='word_1_61' title='bbox 619 1913 697 2016; x_wconf 88' lang='lat' dir='ltr'><strong>ejus</strong></span> <span class='ocrx_word' id='word_1_62' title='bbox 719 1915 864 1988; x_wconf 89' lang='lat' dir='ltr'><strong>historia</strong></span> <span class='ocrx_word' id='word_1_63' title='bbox 887 1916 1044 1989; x_wconf 87' lang='lat' dir='ltr'><strong>literaria</strong></span> <span class='ocrx_word' id='word_1_64' title='bbox 1064 1915 1223 1990; x_wconf 91' lang='lat' dir='ltr'><strong>breviter</strong></span> <span class='ocrx_word' id='word_1_65' title='bbox 1245 1931 1300 1990; x_wconf 89' lang='lat' dir='ltr'><strong>est</strong></span> <span class='ocrx_word' id='word_1_66' title='bbox 1321 1918 1520 1991; x_wconf 86' lang='lat' dir='ltr'><strong>tractanda.</strong></span> 
     </span>
    </p>

    <p class='ocr_par' dir='ltr' id='par_1_8' title="bbox 278 2034 1175 2137">
     <span class='ocr_line' id='line_1_11' title="bbox 278 2034 1175 2137; baseline 0.004 -31"><span class='ocrx_word' id='word_1_67' title='bbox 278 2034 471 2109; x_wconf 84' lang='lat' dir='ltr'><strong>Veteribus</strong></span> <span class='ocrx_word' id='word_1_68' title='bbox 494 2035 669 2109; x_wconf 90' lang='lat' dir='ltr'><strong>Orcbides</strong></span> <span class='ocrx_word' id='word_1_69' title='bbox 694 2039 853 2135; x_wconf 85' lang='lat' dir='ltr'><strong>cognitas</strong></span> <span class='ocrx_word' id='word_1_70' title='bbox 879 2037 990 2111; x_wconf 79' lang='lat' dir='ltr'><strong>luisse</strong></span> <span class='ocrx_word' id='word_1_71' title='bbox 1015 2053 1175 2137; x_wconf 85' lang='lat' dir='ltr'><strong>apparet.</strong></span> 
     </span>
    </p>

    <p class='ocr_par' dir='ltr' id='par_1_9' title="bbox 228 2155 1726 2497">
     <span class='ocr_line' id='line_1_12' title="bbox 278 2155 1722 2256; baseline 0.002 -29"><span class='ocrx_word' id='word_1_72' title='bbox 278 2156 392 2227; x_wconf 89' lang='lat' dir='ltr'><strong>Primi</strong></span> <span class='ocrx_word' id='word_1_73' title='bbox 413 2155 571 2229; x_wconf 90' lang='lat' dir='ltr'><strong>botanici</strong></span> <span class='ocrx_word' id='word_1_74' title='bbox 594 2159 753 2256; x_wconf 85' lang='lat' dir='ltr'><strong>ipsarum</strong></span> <span class='ocrx_word' id='word_1_75' title='bbox 776 2156 996 2255; x_wconf 84' lang='lat' dir='ltr'><strong>indagationi</strong></span> <span class='ocrx_word' id='word_1_76' title='bbox 1017 2156 1238 2255; x_wconf 90' lang='lat' dir='ltr'><strong>peculiarem</strong></span> <span class='ocrx_word' id='word_1_77' title='bbox 1258 2182 1403 2256; x_wconf 87' lang='lat' dir='ltr'><strong>operam</strong></span> <span class='ocrx_word' id='word_1_78' title='bbox 1431 2170 1631 2249; x_wconf 83' lang='lat' dir='ltr'><strong>navarunt,</strong></span> <span class='ocrx_word' id='word_1_79' title='bbox 1661 2158 1722 2231; x_wconf 90' lang='lat' dir='ltr'><strong>sed</strong></span> 
     </span>
     <span class='ocr_line' id='line_1_13' title="bbox 228 2275 1726 2376; baseline 0 -28"><span class='ocrx_word' id='word_1_80' title='bbox 228 2275 511 2368; x_wconf 70' lang='lat' dir='ltr'><strong>emesinorum,</strong></span> <span class='ocrx_word' id='word_1_81' title='bbox 527 2278 649 2350; x_wconf 90' lang='lat' dir='ltr'><strong>minus</strong></span> <span class='ocrx_word' id='word_1_82' title='bbox 670 2291 774 2351; x_wconf 76' lang='lat' dir='ltr'><strong>castae</strong></span> <span class='ocrx_word' id='word_1_83' title='bbox 794 2304 905 2376; x_wconf 89' lang='lat' dir='ltr'><strong>qnam</strong></span> <span class='ocrx_word' id='word_1_84' title='bbox 929 2291 1076 2369; x_wconf 82' lang='lat' dir='ltr'><strong>nostrae,</strong></span> <span class='ocrx_word' id='word_1_85' title='bbox 1094 2304 1167 2350; x_wconf 91' lang='lat' dir='ltr'><strong>uon</strong></span> <span class='ocrx_word' id='word_1_86' title='bbox 1185 2290 1403 2376; x_wconf 89' lang='lat' dir='ltr'><strong>respuerunt</strong></span> <span class='ocrx_word' id='word_1_87' title='bbox 1424 2279 1569 2351; x_wconf 81' lang='lat' dir='ltr'><strong>nomine</strong></span> <span class='ocrx_word' id='word_1_88' title='bbox 1591 2277 1726 2376; x_wconf 88' lang='lat' dir='ltr'><strong>quibus</strong></span> 
     </span>
     <span class='ocr_line' id='line_1_14' title="bbox 229 2396 1194 2497; baseline 0.001 -29"><span class='ocrx_word' id='word_1_89' title='bbox 229 2397 472 2470; x_wconf 88' lang='lat' dir='ltr'><strong>recentiorum</strong></span> <span class='ocrx_word' id='word_1_90' title='bbox 504 2396 819 2496; x_wconf 87' lang='lat' dir='ltr'><strong>botanophilorum</strong></span> <span class='ocrx_word' id='word_1_91' title='bbox 841 2397 959 2497; x_wconf 92' lang='lat' dir='ltr'><strong>pudor</strong></span> <span class='ocrx_word' id='word_1_92' title='bbox 985 2397 1194 2471; x_wconf 82' lang='lat' dir='ltr'><strong>offenditur.</strong></span> 
     </span>
    </p>

    <p class='ocr_par' dir='ltr' id='par_1_10' title="bbox 227 2516 1725 3455">
     <span class='ocr_line' id='line_1_15' title="bbox 275 2516 1720 2603; baseline 0 -15"><span class='ocrx_word' id='word_1_93' title='bbox 275 2516 517 2601; x_wconf 71' lang='lat' dir='ltr'><strong>Bautinim,</strong></span> <span class='ocrx_word' id='word_1_94' title='bbox 563 2516 771 2588; x_wconf 85' lang='lat' dir='ltr'><strong>Dodoneus</strong></span> <span class='ocrx_word' id='word_1_95' title='bbox 781 2568 795 2601; x_wconf 89' lang='lat'><em>,</em></span> <span class='ocrx_word' id='word_1_96' title='bbox 836 2518 1039 2603; x_wconf 83' lang='lat' dir='ltr'><strong>Lobelius,</strong></span> <span class='ocrx_word' id='word_1_97' title='bbox 1089 2518 1327 2590; x_wconf 79' lang='lat' dir='ltr'><strong>Canterarius</strong></span> <span class='ocrx_word' id='word_1_98' title='bbox 1337 2569 1352 2603; x_wconf 91' lang='lat'><em>,</em></span> <span class='ocrx_word' id='word_1_99' title='bbox 1403 2518 1454 2588; x_wconf 93' lang='lat' dir='ltr'><em>V</em></span> <span class='ocrx_word' id='word_1_100' title='bbox 1451 2519 1593 2588; x_wconf 81' lang='lat' dir='ltr'><strong>aillant</strong></span> <span class='ocrx_word' id='word_1_101' title='bbox 1601 2568 1616 2602; x_wconf 91' lang='lat'><em>,</em></span> <span class='ocrx_word' id='word_1_102' title='bbox 1650 2531 1720 2589; x_wconf 89' lang='lat' dir='ltr'><strong>etc.</strong></span> 
     </span>
     <span class='ocr_line' id='line_1_16' title="bbox 231 2634 1724 2734; baseline 0.001 -27"><span class='ocrx_word' id='word_1_103' title='bbox 231 2634 319 2708; x_wconf 88' lang='lat' dir='ltr'><strong>adeo</strong></span> <span class='ocrx_word' id='word_1_104' title='bbox 342 2660 538 2709; x_wconf 87' lang='lat' dir='ltr'><strong>numerum</strong></span> <span class='ocrx_word' id='word_1_105' title='bbox 562 2639 763 2734; x_wconf 87' lang='lat' dir='ltr'><strong>specierum</strong></span> <span class='ocrx_word' id='word_1_106' title='bbox 793 2636 993 2714; x_wconf 87' lang='lat' dir='ltr'><strong>Orcbidum</strong></span> <span class='ocrx_word' id='word_1_107' title='bbox 1020 2652 1219 2728; x_wconf 88' lang='lat' dir='ltr'><strong>auxerunt,</strong></span> <span class='ocrx_word' id='word_1_108' title='bbox 1247 2651 1291 2711; x_wconf 93' lang='lat' dir='ltr'><strong>ut</strong></span> <span class='ocrx_word' id='word_1_109' title='bbox 1314 2638 1478 2711; x_wconf 85' lang='lat' dir='ltr'><strong>conlusio</strong></span> <span class='ocrx_word' id='word_1_110' title='bbox 1500 2636 1584 2710; x_wconf 88' lang='lat' dir='ltr'><strong>inde</strong></span> <span class='ocrx_word' id='word_1_111' title='bbox 1600 2650 1724 2709; x_wconf 89' lang='lat' dir='ltr'><strong>exorta</strong></span> 
     </span>
     <span class='ocr_line' id='line_1_17' title="bbox 228 2755 1724 2856; baseline -0.001 -28"><span class='ocrx_word' id='word_1_112' title='bbox 228 2758 292 2846; x_wconf 90' lang='lat' dir='ltr'><strong>sit,</strong></span> <span class='ocrx_word' id='word_1_113' title='bbox 326 2782 410 2830; x_wconf 88' lang='lat' dir='ltr'><strong>nam</strong></span> <span class='ocrx_word' id='word_1_114' title='bbox 444 2755 626 2856; x_wconf 88' lang='lat' dir='ltr'><strong>simplices</strong></span> <span class='ocrx_word' id='word_1_115' title='bbox 655 2759 843 2832; x_wconf 85' lang='lat' dir='ltr'><strong>varietates</strong></span> <span class='ocrx_word' id='word_1_116' title='bbox 876 2769 964 2829; x_wconf 89' lang='lat' dir='ltr'><strong>tunc</strong></span> <span class='ocrx_word' id='word_1_117' title='bbox 992 2759 1128 2855; x_wconf 90' lang='lat' dir='ltr'><strong>species</strong></span> <span class='ocrx_word' id='word_1_118' title='bbox 1157 2758 1431 2831; x_wconf 85' lang='lat' dir='ltr'><strong>constituebant.</strong></span> <span class='ocrx_word' id='word_1_119' title='bbox 1472 2757 1542 2829; x_wconf 90' lang='lat' dir='ltr'><strong>Vel</strong></span> <span class='ocrx_word' id='word_1_120' title='bbox 1574 2758 1724 2828; x_wconf 89' lang='lat' dir='ltr'><strong>minima</strong></span> 
     </span>
     <span class='ocr_line' id='line_1_18' title="bbox 227 2873 1725 2974; baseline 0 -26"><span class='ocrx_word' id='word_1_121' title='bbox 227 2875 381 2948; x_wconf 90' lang='lat' dir='ltr'><strong>mutatio</strong></span> <span class='ocrx_word' id='word_1_122' title='bbox 406 2876 445 2947; x_wconf 89' lang='lat' dir='ltr'><strong>in</strong></span> <span class='ocrx_word' id='word_1_123' title='bbox 472 2877 646 2974; x_wconf 88' lang='lat' dir='ltr'><strong>positione</strong></span> <span class='ocrx_word' id='word_1_124' title='bbox 669 2877 790 2949; x_wconf 91' lang='lat' dir='ltr'><strong>autin</strong></span> <span class='ocrx_word' id='word_1_125' title='bbox 814 2873 940 2946; x_wconf 92' lang='lat' dir='ltr'><strong>ordine</strong></span> <span class='ocrx_word' id='word_1_126' title='bbox 970 2875 1194 2948; x_wconf 86' lang='lat' dir='ltr'><strong>macularum</strong></span> <span class='ocrx_word' id='word_1_127' title='bbox 1223 2875 1362 2965; x_wconf 86' lang='lat' dir='ltr'><strong>labelli,</strong></span> <span class='ocrx_word' id='word_1_128' title='bbox 1396 2877 1545 2949; x_wconf 89' lang='lat' dir='ltr'><strong>minima</strong></span> <span class='ocrx_word' id='word_1_129' title='bbox 1572 2877 1725 2950; x_wconf 88' lang='lat' dir='ltr'><strong>varietas</strong></span> 
     </span>
     <span class='ocr_line' id='line_1_19' title="bbox 227 2993 1724 3098; baseline -0.001 -30"><span class='ocrx_word' id='word_1_130' title='bbox 227 2995 354 3070; x_wconf 75' lang='lat' dir='ltr'><strong>formae</strong></span> <span class='ocrx_word' id='word_1_131' title='bbox 370 2993 481 3098; x_wconf 89' lang='lat' dir='ltr'><strong>hujus</strong></span> <span class='ocrx_word' id='word_1_132' title='bbox 503 2997 617 3095; x_wconf 90' lang='lat' dir='ltr'><strong>partis</strong></span> <span class='ocrx_word' id='word_1_133' title='bbox 639 2995 696 3072; x_wconf 85' lang='lat' dir='ltr'><strong>vel</strong></span> <span class='ocrx_word' id='word_1_134' title='bbox 717 2994 858 3068; x_wconf 85' lang='lat' dir='ltr'><strong>corollae</strong></span> <span class='ocrx_word' id='word_1_135' title='bbox 884 2994 1107 3066; x_wconf 86' lang='lat' dir='ltr'><strong>characteres</strong></span> <span class='ocrx_word' id='word_1_136' title='bbox 1128 3007 1232 3066; x_wconf 88' lang='lat' dir='ltr'><strong>eraut</strong></span> <span class='ocrx_word' id='word_1_137' title='bbox 1253 2996 1343 3067; x_wconf 89' lang='lat' dir='ltr'><strong>tanti</strong></span> <span class='ocrx_word' id='word_1_138' title='bbox 1369 2996 1558 3084; x_wconf 89' lang='lat' dir='ltr'><strong>momenti,</strong></span> <span class='ocrx_word' id='word_1_139' title='bbox 1583 3009 1627 3069; x_wconf 91' lang='lat' dir='ltr'><strong>ut</strong></span> <span class='ocrx_word' id='word_1_140' title='bbox 1643 2997 1724 3068; x_wconf 88' lang='lat' dir='ltr'><strong>suf-</strong></span> 
     </span>
     <span class='ocr_line' id='line_1_20' title="bbox 229 3114 1724 3217; baseline 0.001 -28"><span class='ocrx_word' id='word_1_141' title='bbox 229 3117 380 3190; x_wconf 88' lang='lat' dir='ltr'><strong>ficerent</strong></span> <span class='ocrx_word' id='word_1_142' title='bbox 398 3116 444 3190; x_wconf 90' lang='lat' dir='ltr'><strong>ad</strong></span> <span class='ocrx_word' id='word_1_143' title='bbox 465 3116 649 3190; x_wconf 89' lang='lat' dir='ltr'><strong>distinctas</strong></span> <span class='ocrx_word' id='word_1_144' title='bbox 669 3117 805 3217; x_wconf 90' lang='lat' dir='ltr'><strong>species</strong></span> <span class='ocrx_word' id='word_1_145' title='bbox 828 3114 1044 3189; x_wconf 78' lang='lat' dir='ltr'><strong>formandas.</strong></span> <span class='ocrx_word' id='word_1_146' title='bbox 1074 3116 1203 3213; x_wconf 88' lang='lat' dir='ltr'><strong>ltaque</strong></span> <span class='ocrx_word' id='word_1_147' title='bbox 1226 3117 1333 3190; x_wconf 89' lang='lat' dir='ltr'><strong>nimis</strong></span> <span class='ocrx_word' id='word_1_148' title='bbox 1356 3115 1573 3190; x_wconf 85' lang='lat' dir='ltr'><strong>fastidiosam</strong></span> <span class='ocrx_word' id='word_1_149' title='bbox 1592 3116 1724 3191; x_wconf 87' lang='lat' dir='ltr'><strong>harum</strong></span> 
     </span>
     <span class='ocr_line' id='line_1_21' title="bbox 231 3233 1184 3334; baseline -0.002 -23"><span class='ocrx_word' id='word_1_150' title='bbox 231 3235 447 3311; x_wconf 81' lang='lat' dir='ltr'><strong>varietatum</strong></span> <span class='ocrx_word' id='word_1_151' title='bbox 472 3236 717 3310; x_wconf 89' lang='lat' dir='ltr'><strong>recensionem</strong></span> <span class='ocrx_word' id='word_1_152' title='bbox 743 3234 886 3308; x_wconf 90' lang='lat' dir='ltr'><strong>silentio</strong></span> <span class='ocrx_word' id='word_1_153' title='bbox 909 3233 1184 3334; x_wconf 72' lang='lat' dir='ltr'><strong>praeteribimus.</strong></span> 
     </span>
     <span class='ocr_line' id='line_1_22' title="bbox 241 3342 1208 3455; baseline 0.001 -28"><span class='ocrx_word' id='word_1_154' title='bbox 241 3342 243 3346; x_wconf 39' lang='lat'><em>⁷</em></span> <span class='ocrx_word' id='word_1_155' title='bbox 279 3354 351 3428; x_wconf 90' lang='lat' dir='ltr'><strong>Sed</strong></span> <span class='ocrx_word' id='word_1_156' title='bbox 375 3356 556 3427; x_wconf 80' lang='lat' dir='ltr'><strong>Linnoeus</strong></span> <span class='ocrx_word' id='word_1_157' title='bbox 581 3357 691 3448; x_wconf 86' lang='lat' dir='ltr'><strong>vixit,</strong></span> <span class='ocrx_word' id='word_1_158' title='bbox 718 3357 860 3455; x_wconf 88' lang='lat' dir='ltr'><strong>scripsit</strong></span> <span class='ocrx_word' id='word_1_159' title='bbox 881 3368 919 3429; x_wconf 90' lang='lat' dir='ltr'><strong>et</strong></span> <span class='ocrx_word' id='word_1_160' title='bbox 938 3355 1004 3429; x_wconf 94' lang='lat' dir='ltr'><strong>lux</strong></span> <span class='ocrx_word' id='word_1_161' title='bbox 1025 3355 1119 3428; x_wconf 87' lang='lat' dir='ltr'><strong>lacta</strong></span> <span class='ocrx_word' id='word_1_162' title='bbox 1142 3368 1208 3428; x_wconf 91' lang='lat' dir='ltr'><strong>est.</strong></span> 
     </span>
    </p>

    <p class='ocr_par' dir='ltr' id='par_1_11' title="bbox 171 3473 1725 4060">
     <span class='ocr_line' id='line_1_23' title="bbox 279 3473 1722 3577; baseline 0 -28"><span class='ocrx_word' id='word_1_163' title='bbox 279 3476 430 3550; x_wconf 85' lang='lat' dir='ltr'><strong>Tabulae</strong></span> <span class='ocrx_word' id='word_1_164' title='bbox 454 3476 530 3550; x_wconf 91' lang='lat' dir='ltr'><strong>Cel.</strong></span> <span class='ocrx_word' id='word_1_165' title='bbox 549 3478 705 3550; x_wconf 82' lang='lat' dir='ltr'><strong>Helleri</strong></span> <span class='ocrx_word' id='word_1_166' title='bbox 720 3492 830 3577; x_wconf 88' lang='lat' dir='ltr'><strong>atque</strong></span> <span class='ocrx_word' id='word_1_167' title='bbox 849 3477 1032 3574; x_wconf 78' lang='lat' dir='ltr'><strong>Jacqatni</strong></span> <span class='ocrx_word' id='word_1_168' title='bbox 1050 3474 1226 3548; x_wconf 87' lang='lat' dir='ltr'><strong>Orchides</strong></span> <span class='ocrx_word' id='word_1_169' title='bbox 1248 3487 1386 3546; x_wconf 88' lang='lat' dir='ltr'><strong>nostras</strong></span> <span class='ocrx_word' id='word_1_170' title='bbox 1405 3474 1632 3550; x_wconf 86' lang='lat' dir='ltr'><strong>illustrarunt</strong></span> <span class='ocrx_word' id='word_1_171' title='bbox 1649 3473 1722 3573; x_wconf 87' lang='lat'>(3),</span> 
     </span>
     <span class='ocr_line' id='line_1_24' title="bbox 231 3591 1723 3697; baseline -0.003 -23"><span class='ocrx_word' id='word_1_172' title='bbox 231 3597 284 3674; x_wconf 75' lang='lat' dir='ltr'><strong>(ll.</strong></span> <span class='ocrx_word' id='word_1_173' title='bbox 316 3599 440 3672; x_wconf 70' lang='lat' dir='ltr'><strong>olam</strong></span> <span class='ocrx_word' id='word_1_174' title='bbox 471 3599 617 3669; x_wconf 77' lang='lat' dir='ltr'><strong>Swartz</strong></span> <span class='ocrx_word' id='word_1_175' title='bbox 657 3596 830 3697; x_wconf 88' lang='lat' dir='ltr'><strong>quasdam</strong></span> <span class='ocrx_word' id='word_1_176' title='bbox 862 3593 1088 3670; x_wconf 83' lang='lat' dir='ltr'><strong>difficultates</strong></span> <span class='ocrx_word' id='word_1_177' title='bbox 1122 3595 1162 3668; x_wconf 91' lang='lat' dir='ltr'><strong>iu</strong></span> <span class='ocrx_word' id='word_1_178' title='bbox 1197 3591 1335 3667; x_wconf 76' lang='lat' dir='ltr'><strong>familis</strong></span> <span class='ocrx_word' id='word_1_179' title='bbox 1364 3592 1637 3668; x_wconf 81' lang='lat' dir='ltr'><strong>Orobidaearum</strong></span> <span class='ocrx_word' id='word_1_180' title='bbox 1659 3620 1723 3669; x_wconf 89' lang='lat' dir='ltr'><strong>uc-</strong></span> 
     </span>
     <span class='ocr_line' id='line_1_25' title="bbox 171 3711 1725 3813; baseline -0.005 -20"><span class='ocrx_word' id='word_1_181' title='bbox 171 3711 182 3734; x_wconf 84' lang='grc'>’</span> <span class='ocrx_word' id='word_1_182' title='bbox 230 3731 416 3793; x_wconf 89' lang='lat' dir='ltr'><strong>currentes</strong></span> <span class='ocrx_word' id='word_1_183' title='bbox 453 3717 537 3791; x_wconf 88' lang='lat' dir='ltr'><strong>luce</strong></span> <span class='ocrx_word' id='word_1_184' title='bbox 567 3716 807 3806; x_wconf 85' lang='lat' dir='ltr'><strong>collustravit,</strong></span> <span class='ocrx_word' id='word_1_185' title='bbox 838 3739 912 3787; x_wconf 94' lang='lat' dir='ltr'><strong>non</strong></span> <span class='ocrx_word' id='word_1_186' title='bbox 946 3713 1051 3788; x_wconf 86' lang='lat' dir='ltr'><strong>modo</strong></span> <span class='ocrx_word' id='word_1_187' title='bbox 1084 3715 1123 3788; x_wconf 91' lang='lat' dir='ltr'><strong>in</strong></span> <span class='ocrx_word' id='word_1_188' title='bbox 1154 3712 1321 3812; x_wconf 87' lang='lat' dir='ltr'><strong>operibus</strong></span> <span class='ocrx_word' id='word_1_189' title='bbox 1349 3713 1629 3813; x_wconf 85' lang='lat' dir='ltr'><strong>generalioribus</strong></span> <span class='ocrx_word' id='word_1_190' title='bbox 1668 3715 1725 3812; x_wconf 69' lang='lat'><strong>(4)</strong></span> 
     </span>
     <span class='ocr_line' id='line_1_26' title="bbox 229 3834 1723 3938; baseline -0.004 -26"><span class='ocrx_word' id='word_1_191' title='bbox 229 3838 292 3912; x_wconf 88' lang='lat' dir='ltr'><strong>sed</strong></span> <span class='ocrx_word' id='word_1_192' title='bbox 316 3840 424 3912; x_wconf 89' lang='lat' dir='ltr'><strong>etiam</strong></span> <span class='ocrx_word' id='word_1_193' title='bbox 448 3840 588 3938; x_wconf 87' lang='lat' dir='ltr'><strong>primus</strong></span> <span class='ocrx_word' id='word_1_194' title='bbox 607 3836 758 3912; x_wconf 90' lang='lat' dir='ltr'><strong>habenis</strong></span> <span class='ocrx_word' id='word_1_195' title='bbox 772 3838 973 3913; x_wconf 86' lang='lat' dir='ltr'><strong>Liuuaeanis</strong></span> <span class='ocrx_word' id='word_1_196' title='bbox 992 3836 1131 3914; x_wconf 86' lang='lat' dir='ltr'><strong>solutus</strong></span> <span class='ocrx_word' id='word_1_197' title='bbox 1151 3837 1227 3937; x_wconf 86' lang='lat'>(5),</span> <span class='ocrx_word' id='word_1_198' title='bbox 1253 3837 1292 3911; x_wconf 91' lang='lat' dir='ltr'><strong>in</strong></span> <span class='ocrx_word' id='word_1_199' title='bbox 1311 3835 1567 3936; x_wconf 75' lang='lat' dir='ltr'><strong>Monograpbila</strong></span> <span class='ocrx_word' id='word_1_200' title='bbox 1590 3834 1723 3907; x_wconf 89' lang='lat' dir='ltr'><strong>Orobi-</strong></span> 
     </span>
     <span class='ocr_line' id='line_1_27' title="bbox 230 3959 1157 4060; baseline -0.002 -27"><span class='ocrx_word' id='word_1_201' title='bbox 230 3959 319 4035; x_wconf 89' lang='lat' dir='ltr'><strong>dum</strong></span> <span class='ocrx_word' id='word_1_202' title='bbox 343 3985 474 4035; x_wconf 90' lang='lat' dir='ltr'><strong>novam</strong></span> <span class='ocrx_word' id='word_1_203' title='bbox 499 3961 704 4060; x_wconf 80' lang='lat' dir='ltr'><strong>genericam</strong></span> <span class='ocrx_word' id='word_1_204' title='bbox 727 3959 938 4035; x_wconf 84' lang='lat' dir='ltr'><strong>divisionem</strong></span> <span class='ocrx_word' id='word_1_205' title='bbox 958 3959 1157 4060; x_wconf 84' lang='lat' dir='ltr'><strong>proposuit.</strong></span> 
     </span>
    </p>
   </div>
   <div class='ocr_carea' id='block_1_5' title="bbox 229 4194 1724 4824">
    <p class='ocr_par' dir='ltr' id='par_1_12' title="bbox 299 4194 1247 4285">
     <span class='ocr_line' id='line_1_28' title="bbox 299 4194 1247 4285; baseline 0.002 -22"><span class='ocrx_word' id='word_1_206' title='bbox 299 4194 625 4285; x_wconf 48' lang='lat' dir='ltr'><strong>&lt;unanimitas</strong></span> <span class='ocrx_word' id='word_1_207' title='bbox 1135 4211 1247 4280; x_wconf 64' lang='lat' dir='ltr'><strong>(aare.</strong></span> 
     </span>
    </p>

    <p class='ocr_par' dir='ltr' id='par_1_13' title="bbox 229 4295 1724 4550">
     <span class='ocr_line' id='line_1_29' title="bbox 297 4295 1724 4380; baseline -0.005 -25"><span class='ocrx_word' id='word_1_208' title='bbox 297 4302 349 4368; x_wconf 77' lang='grc' dir='ltr'><strong>(δ)</strong></span> <span class='ocrx_word' id='word_1_209' title='bbox 366 4300 432 4354; x_wconf 80' lang='lat' dir='ltr'><strong>Alb.</strong></span> <span class='ocrx_word' id='word_1_210' title='bbox 452 4300 547 4366; x_wconf 76' lang='lat' dir='ltr'><strong>flatu,</strong></span> <span class='ocrx_word' id='word_1_211' title='bbox 573 4302 688 4357; x_wconf 80' lang='lat' dir='ltr'><strong>historia</strong></span> <span class='ocrx_word' id='word_1_212' title='bbox 708 4304 827 4374; x_wconf 72' lang='lat' dir='ltr'><strong>stirpum</strong></span> <span class='ocrx_word' id='word_1_213' title='bbox 844 4301 996 4368; x_wconf 77' lang='lat' dir='ltr'><strong>Helvetiis,</strong></span> <span class='ocrx_word' id='word_1_214' title='bbox 1014 4304 1072 4357; x_wconf 76' lang='lat' dir='ltr'><strong>bv.</strong></span> <span class='ocrx_word' id='word_1_215' title='bbox 1090 4300 1126 4359; x_wconf 57' lang='lat' dir='ltr'><strong>se.</strong></span> <span class='ocrx_word' id='word_1_216' title='bbox 1152 4303 1260 4370; x_wconf 68' lang='lat' dir='ltr'><strong>Berua,</strong></span> <span class='ocrx_word' id='word_1_217' title='bbox 1284 4301 1363 4370; x_wconf 68' lang='lat'><strong>²7⁶⁸·</strong></span> <span class='ocrx_word' id='word_1_218' title='bbox 1387 4316 1449 4380; x_wconf 70' lang='lat' dir='ltr'><strong>cuns</strong></span> <span class='ocrx_word' id='word_1_219' title='bbox 1476 4297 1520 4371; x_wconf 68' lang='lat' dir='ltr'><strong>fig.</strong></span> <span class='ocrx_word' id='word_1_220' title='bbox 1544 4295 1724 4353; x_wconf 75' lang='lat' dir='ltr'><strong>Enumeratio</strong></span> 
     </span>
     <span class='ocr_line' id='line_1_30' title="bbox 230 4386 1722 4466; baseline -0.005 -20"><span class='ocrx_word' id='word_1_221' title='bbox 230 4391 385 4447; x_wconf 75' lang='lat' dir='ltr'><strong>methodica</strong></span> <span class='ocrx_word' id='word_1_222' title='bbox 398 4392 526 4462; x_wconf 79' lang='lat' dir='ltr'><strong>stirpium</strong></span> <span class='ocrx_word' id='word_1_223' title='bbox 539 4393 734 4466; x_wconf 75' lang='lat' dir='ltr'><strong>indegenarum</strong></span> <span class='ocrx_word' id='word_1_224' title='bbox 750 4394 899 4462; x_wconf 76' lang='lat' dir='ltr'><strong>Helvetia,</strong></span> <span class='ocrx_word' id='word_1_225' title='bbox 912 4413 928 4447; x_wconf 84' lang='lat' dir='ltr'><strong>a</strong></span> <span class='ocrx_word' id='word_1_226' title='bbox 939 4412 968 4451; x_wconf 77' lang='lat' dir='ltr'><strong>v.</strong></span> <span class='ocrx_word' id='word_1_227' title='bbox 983 4393 1020 4450; x_wconf 61' lang='grc' dir='ltr'><strong>ὑ.</strong></span> <span class='ocrx_word' id='word_1_228' title='bbox 1033 4394 1132 4463; x_wconf 71' lang='lat' dir='ltr'><strong>cote,</strong></span> <span class='ocrx_word' id='word_1_229' title='bbox 1152 4395 1232 4463; x_wconf 76' lang='lat'><strong>1742,</strong></span> <span class='ocrx_word' id='word_1_230' title='bbox 1252 4408 1315 4447; x_wconf 84' lang='lat' dir='ltr'><strong>cum</strong></span> <span class='ocrx_word' id='word_1_231' title='bbox 1326 4390 1371 4465; x_wconf 72' lang='lat' dir='ltr'><strong>fig.</strong></span> <span class='ocrx_word' id='word_1_232' title='bbox 1390 4400 1442 4447; x_wconf 83' lang='lat' dir='ltr'><strong>etc.</strong></span> <span class='ocrx_word' id='word_1_233' title='bbox 1456 4417 1490 4434; x_wconf 89' lang='lat'><em>-</em></span> <span class='ocrx_word' id='word_1_234' title='bbox 1505 4388 1567 4447; x_wconf 84' lang='lat' dir='ltr'><strong>Nic·</strong></span> <span class='ocrx_word' id='word_1_235' title='bbox 1579 4386 1722 4460; x_wconf 74' lang='lat' dir='ltr'><strong>lacquini,</strong></span> 
     </span>
     <span class='ocr_line' id='line_1_31' title="bbox 229 4481 941 4550; baseline 0.001 -14"><span class='ocrx_word' id='word_1_236' title='bbox 229 4481 276 4537; x_wconf 75' lang='lat' dir='ltr'><strong>rt.</strong></span> <span class='ocrx_word' id='word_1_237' title='bbox 289 4492 393 4548; x_wconf 63' lang='lat' dir='ltr'><strong>auum</strong></span> <span class='ocrx_word' id='word_1_238' title='bbox 411 4481 493 4535; x_wconf 81' lang='lat' dir='ltr'><strong>Hort.</strong></span> <span class='ocrx_word' id='word_1_239' title='bbox 509 4481 646 4549; x_wconf 83' lang='lat' dir='ltr'><strong>Vindob.;</strong></span> <span class='ocrx_word' id='word_1_240' title='bbox 667 4484 856 4550; x_wconf 78' lang='lat' dir='ltr'><strong>Miscellansa,</strong></span> <span class='ocrx_word' id='word_1_241' title='bbox 872 4484 941 4539; x_wconf 69' lang='lat' dir='ltr'><strong>in-l.</strong></span> 
     </span>
    </p>

    <p class='ocr_par' dir='ltr' id='par_1_14' title="bbox 229 4565 1721 4734">
     <span class='ocr_line' id='line_1_32' title="bbox 298 4565 1721 4646; baseline 0 -21"><span class='ocrx_word' id='word_1_242' title='bbox 298 4573 337 4641; x_wconf 73' lang='lat' dir='ltr'><strong>(l)</strong></span> <span class='ocrx_word' id='word_1_243' title='bbox 353 4573 472 4638; x_wconf 67' lang='lat' dir='ltr'><strong>Suam,</strong></span> <span class='ocrx_word' id='word_1_244' title='bbox 492 4589 589 4644; x_wconf 75' lang='lat' dir='ltr'><strong>genera</strong></span> <span class='ocrx_word' id='word_1_245' title='bbox 606 4583 634 4628; x_wconf 82' lang='lat' dir='ltr'><strong>et</strong></span> <span class='ocrx_word' id='word_1_246' title='bbox 650 4591 692 4646; x_wconf 81' lang='lat' dir='ltr'><strong>sp.</strong></span> <span class='ocrx_word' id='word_1_247' title='bbox 712 4575 802 4646; x_wconf 80' lang='lat' dir='ltr'><strong>plaut.</strong></span> <span class='ocrx_word' id='word_1_248' title='bbox 817 4574 891 4646; x_wconf 76' lang='lat'><strong>17⁸3.</strong></span> <span class='ocrx_word' id='word_1_249' title='bbox 911 4571 1220 4632; x_wconf 65' lang='lat' dir='ltr'><strong>obumbraturum.</strong></span> <span class='ocrx_word' id='word_1_250' title='bbox 1233 4568 1407 4641; x_wconf 53' lang='lat' dir='ltr'><strong>latomiis</strong></span> <span class='ocrx_word' id='word_1_251' title='bbox 1423 4570 1466 4631; x_wconf 73' lang='lat' dir='ltr'><strong>FI-</strong></span> <span class='ocrx_word' id='word_1_252' title='bbox 1477 4568 1541 4632; x_wconf 74' lang='lat' dir='ltr'><strong>lud·</strong></span> <span class='ocrx_word' id='word_1_253' title='bbox 1556 4565 1658 4636; x_wconf 64' lang='lat' dir='ltr'><strong>occid,</strong></span> <span class='ocrx_word' id='word_1_254' title='bbox 1670 4573 1721 4619; x_wconf 72' lang='lat' dir='ltr'><strong>tlt·</strong></span> 
     </span>
     <span class='ocr_line' id='line_1_33' title="bbox 229 4660 691 4734; baseline 0 -15"><span class='ocrx_word' id='word_1_255' title='bbox 229 4660 428 4734; x_wconf 74' lang='lat' dir='ltr'><strong>Honograpbia</strong></span> <span class='ocrx_word' id='word_1_256' title='bbox 445 4661 614 4730; x_wconf 77' lang='lat' dir='ltr'><strong>orchidum,</strong></span> <span class='ocrx_word' id='word_1_257' title='bbox 638 4672 691 4719; x_wconf 82' lang='lat' dir='ltr'><strong>etc.</strong></span> 
     </span>
    </p>

    <p class='ocr_par' dir='ltr' id='par_1_15' title="bbox 296 4750 668 4824">
     <span class='ocr_line' id='line_1_34' title="bbox 296 4750 668 4824; baseline 0.003 -17"><span class='ocrx_word' id='word_1_258' title='bbox 296 4751 336 4822; x_wconf 77' lang='lat'><strong>(5)</strong></span> <span class='ocrx_word' id='word_1_259' title='bbox 352 4750 476 4808; x_wconf 78' lang='lat' dir='ltr'><strong>Ricbsrd</strong></span> <span class='ocrx_word' id='word_1_260' title='bbox 493 4751 515 4808; x_wconf 91' lang='lat' dir='ltr'><strong>l.</strong></span> <span class='ocrx_word' id='word_1_261' title='bbox 533 4751 555 4807; x_wconf 87' lang='grc' dir='ltr'><strong>Ι.</strong></span> <span class='ocrx_word' id='word_1_262' title='bbox 574 4768 606 4824; x_wconf 76' lang='lat' dir='ltr'><strong>p·</strong></span> <span class='ocrx_word' id='word_1_263' title='bbox 623 4754 668 4808; x_wconf 74' lang='lat'><strong>23.</strong></span> 
     </span>
    </p>
   </div>
   <div class='ocr_carea' id='block_1_6' title="bbox 0 0 2164 5820">
    <p class='ocr_par' dir='ltr' id='par_1_16' title="bbox 0 0 2164 5820">
     <span class='ocr_line' id='line_1_35' title="bbox 0 0 2164 5820; baseline 0 0"><span class='ocrx_word' id='word_1_264' title='bbox 0 0 2164 5820; x_wconf 95' lang='lat' dir='ltr'><strong> </strong></span> 
     </span>
    </p>
   </div>
  </div>
 </body>
</html>
