4388 5834
1169 512 1298 614 (9²)

616 678 654 745 B.
693 676 856 746 Anatome
890 678 1028 746 iatema.
1080 721 1833 750 ..............
1849 784 1851 788 7
1880 729 1891 750 .
1937 680 1982 750 34

543 836 568 902 l.
609 834 659 902 De
685 833 802 901 radicis
823 833 987 901 structuri
1008 831 1136 901 interut
1138 879 1890 902 ..............
1937 836 1982 904 64

532 946 573 1011 ll.
606 944 657 1010 De
681 944 822 1011 turionis
843 942 1006 1010 structuri
1026 941 1153 1010 interni
1156 987 1891 1013 ..............
1937 946 1981 1015 56

526 1054 582 1121 lll.
606 1055 657 1120 De
682 1052 783 1120 caulis
806 1052 970 1121 structuri
992 1053 1133 1122 interut.
1187 1100 1890 1125 .............
1936 1059 1979 1147 39

525 1164 583 1230 tv.
607 1164 657 1229 De
681 1162 833 1231 loliorum
861 1164 1026 1230 structuri
1049 1164 1189 1231 interni.
1250 1211 1889 1236 ............
1934 1169 1979 1236 42

532 1273 575 1341 V.
606 1270 780 1341 Nonnulla
798 1273 838 1341 de
856 1274 1037 1343 nutritione
1057 1273 1296 1343 annotationes.
1364 1321 1889 1344 ..........
1934 1278 1978 1347 46

537 1528 539 1531 ,
613 1455 764 1524 Secunda
793 1454 917 1524 Sectio.

525 1650 573 1698 DE
596 1643 755 1696 onosma
779 1646 1113 1697 ntanttonttcntortts.

614 1815 656 1881 A.
695 1812 877 1880 Anatomia
899 1825 1045 1882 externa.

538 1968 564 2034 Ι.
604 1968 655 2034 De
680 1967 920 2036 inflorescemit
942 1969 1035 2037 etde
1056 1967 1193 2037 bracteis
1196 2012 1885 2036 .............
1930 1970 1975 2037 tu

530 2077 571 2143 ll.
603 2078 653 2146 De
677 2077 795 2146 florum
823 2079 1068 2166 integumentis.
1130 2126 1139 2144 .
1188 2125 1197 2144 .
1245 2126 1254 2143 .
1301 2126 1310 2146 .
1359 2125 1368 2144 .
1417 2126 1425 2144 .
1473 2125 1482 2143 .
1530 2124 1539 2144 .
1588 2123 1597 2142 .
1646 2125 1655 2142 .
1703 2125 1712 2142 .
1759 2111 1769 2143 a
1817 2125 1827 2144 .
1875 2126 1884 2145 .
1931 2083 1975 2147 50

523 2186 580 2254 111.
603 2188 653 2255 De
678 2189 806 2276 organis
828 2189 1088 2281 reproduotionis
1091 2234 1885 2256 ...............
1932 2190 1974 2258 66

523 2298 582 2367 tv.
606 2299 656 2368 De
680 2299 793 2367 fructu
816 2315 850 2367 et
870 2299 1104 2388 germinatione
1129 2341 1884 2366 ..............
1931 2301 1974 2369 66

611 2484 650 2548 Β.
688 2480 870 2550 Anatomia
895 2486 1031 2550 interna.

538 2637 566 2703 1.
604 2637 654 2704 De
691 2641 854 2705 structuri
873 2637 1075 2706 bractearum
1077 2679 1601 2705 ..........
1640 2678 1644 2682 -
1647 2681 1885 2704 ·····
1933 2640 1976 2708 66

530 2746 572 2815 ll.
604 2747 654 2814 De
679 2747 843 2815 structuri
864 2749 993 2815 interni
1013 2747 1102 2816 floris
1125 2748 1421 2837 integumentorum
1425 2789 1885 2815 ·········
1931 2751 1975 2819 65

523 2856 581 2925 111.
605 2858 654 2925 De
678 2858 842 2927 structuri
868 2858 1130 2951 reproduetionis
1154 2879 1361 2948 organorum.
1417 2902 1885 2926 ·········
1930 2861 1974 2930 66

521 2967 581 3035 tv.
604 2966 777 3038 Nonnulla
800 2969 835 3036 in
859 2968 982 3039 colores
1004 2970 1180 3062 perianthii
1202 2967 1495 3042 animadversiones
1497 3012 1828 3036 .......
1859 2975 1884 3037 ³.
1930 2968 1975 3038 66

522 3141 721 3211 Tabularum
743 3141 918 3234 explicatio
920 3185 1884 3212 ..................
1930 3142 1974 3230 76
