4388 5834
908 569 1038 670 (35)

784 844 826 907 a.
884 819 949 898 Ode
988 818 1173 900 Coteccuto.

279 1033 467 1106 structura
491 1029 750 1130 simplicissima
773 1042 844 1120 est,
875 1029 1073 1128 praesertim
1093 1029 1131 1100 in
1154 1027 1297 1131 juniore
1318 1028 1452 1129 plantd.
1487 1031 1530 1103 In
1562 1031 1623 1105 illt
1656 1044 1727 1105 tres

232 1177 449 1251 organorum
473 1151 608 1250 species
629 1150 850 1250 reperimus:
879 1153 932 1220 10.
954 1149 1200 1222 Membrananr
1221 1164 1408 1224 externam
1429 1151 1488 1228 vel
1514 1153 1727 1245 cuticulam,

232 1275 287 1345 2⁰.
312 1271 437 1344 Telam
461 1269 671 1345 cellularem
690 1271 763 1370 qula
788 1268 969 1370 repletur,
998 1268 1051 1341 30.
1075 1266 1169 1341 Vasa
1189 1268 1397 1345 vascolaria.

284 1399 337 1466 10.
362 1395 417 1467 Ι)ε
443 1392 651 1466 membranis
676 1392 826 1466 externi
850 1390 909 1466 vel
936 1390 1108 1463 cuticuld.

283 1512 532 1589 Tuberculum
555 1513 617 1586 illa
639 1511 905 1587 circumcludit.
931 1510 1180 1584 Exstrinsecus
1200 1509 1311 1603 flava,
1336 1510 1485 1586 maculis
1506 1511 1566 1585 vel
1586 1514 1731 1611 punctis

234 1636 347 1736 nigris
359 1649 423 1710 aut
440 1636 550 1709 fuscis
566 1634 741 1736 parvulis,
754 1632 903 1732 asperis,
931 1631 1146 1703 intrinsecus
1158 1653 1243 1704 vero
1256 1630 1363 1705 telam
1383 1630 1590 1706 cellularem
1602 1634 1730 1733 tangit.

235 1756 321 1830 Haec
344 1753 553 1830 membrana
579 1753 666 1827 licet
688 1752 734 1827 ab
756 1752 825 1826 hac
848 1754 983 1852 optime
1011 1751 1196 1845 distincta,
1224 1766 1344 1826 tamen
1371 1754 1525 1828 similem
1548 1756 1733 1855 organisa-

235 1876 371 1950 tionem
394 1873 549 1975 praebet:
580 1873 660 1974 ejus
682 1872 822 1947 cedulae
846 1875 928 1945 satis
948 1872 1152 1973 regulares,
1177 1872 1299 1947 affines
1325 1873 1396 1946 illis
1418 1873 1558 1947 cellulis
1580 1875 1734 1975 quasin

235 1995 373 2070 tuberis
400 1994 560 2069 cuticula
593 1995 800 2069 invenimus
825 1993 839 2092 (
862 1994 953 2066 ch.
975 1995 1063 2066 IV.
1095 1994 1169 2093 fig.
1195 1994 1259 2093 5.)
1289 1996 1381 2068 Duae
1412 1995 1486 2068 illoe
1514 1997 1734 2070 membranae

238 2117 297 2192 vel
323 2116 495 2191 cuticula»
519 2116 565 2189 ad
592 2116 756 2191 eamdem
788 2116 945 2215 speciem
968 2117 1212 2214 pertinentes,
1245 2117 1343 2191 idem
1374 2131 1547 2217 praeterea
1574 2143 1734 2217 organon

236 2234 441 2329 obducunt,
468 2262 542 2310 una
562 2239 662 2313 enim
682 2238 826 2311 nonnisi
847 2235 995 2309 alterius
1016 2235 1175 2312 evolutio
1200 2251 1254 2311 est
1274 2237 1289 2335 (
1307 2238 1399 2310 Tab.
1425 2238 1513 2312 IV.
1531 2238 1608 2338 fig.
1632 2242 1667 2309 1.
1686 2263 1734 2326 a;

224 2356 305 2457 fig.
332 2357 368 2430 3.
402 2356 516 2456 dds).

286 2476 508 2552 Vestituram
530 2491 568 2551 et
589 2504 696 2554 usum
718 2477 830 2580 hujus
851 2478 1020 2553 cuticulae
1043 2478 1340 2553 examinabimus.

287 2598 319 2696 †
343 2597 424 2672 Jam
442 2597 488 2672 de
505 2599 678 2675 vestituris
694 2602 915 2673 mentionem
934 2600 1107 2693 fecimus,
1123 2626 1238 2699 quum
1255 2600 1368 2674 locuti
1383 2600 1522 2673 luimus
1537 2598 1582 2671 de
1599 2597 1736 2671 fibrillis

239 2719 423 2810 suctoriis,
450 2744 535 2791 nam
558 2717 696 2793 librillae
717 2744 843 2795 revera
869 2746 915 2793 ex
936 2720 1005 2793 hac
1029 2720 1238 2794 membrana
1260 2733 1472 2794 nascuntur.

289 2838 351 2935 -Η-
374 2836 473 2911 Usus
504 2838 674 2913 cuticuloe
698 2841 781 2912 satis
806 2841 971 2941 cognitus
998 2840 1154 2915 videtur.
1185 2842 1355 2914 Continet
1376 2839 1488 2913 telam
1508 2838 1736 2929 cellularem3

239 2958 378 3033 fibrillis
399 2959 519 3032 fulcro
547 2960 708 3034 inservit.
740 2961 944 3035 Verisimile
969 2975 1023 3034 est
1049 2962 1272 3061 principium
1298 2961 1449 3033 odorans
1473 2959 1636 3032 radicum
1665 2957 1739 3030 Or-

240 3078 355 3153 cbidis
377 3078 540 3153 latifoliae
562 3081 601 3151 in
620 3078 843 3180 epidermide
864 3106 931 3157 seu
946 3081 1105 3157 cuticula
1123 3083 1268 3159 versari.
1285 3080 1512 3179 Principium
1533 3079 1611 3151 sine
1628 3076 1739 3151 dubio

240 3199 337 3275 idern
367 3214 421 3275 est
446 3227 488 3276 ac
515 3200 606 3279 illud
634 3227 708 3302 quo
737 3200 831 3280 flavo
860 3204 979 3279 colore
1007 3203 1301 3303 distinguuntur:
1340 3225 1464 3274 omnes
1498 3200 1595 3273 enim
1628 3196 1741 3299 hujus

242 3320 384 3422 generis
406 3324 541 3421 species
564 3322 785 3419 peculiarem
806 3326 953 3397 omnino
974 3324 1120 3398 odorem
1133 3378 1152 3416 ,A
1170 3323 1232 3396 sed
1252 3321 1405 3422 paulum
1432 3323 1471 3394 in
1501 3319 1653 3420 singolis
1676 3344 1741 3394 va-

241 3443 397 3518 riantem
422 3443 615 3537 emittunt3
650 3469 774 3518 omnes
797 3447 906 3520 etiam
928 3443 1013 3545 plus
1035 3446 1200 3517 minusve
1220 3441 1355 3516 flavum
1384 3440 1539 3514 colorem
1566 3437 1739 3513 induunt.

243 3559 412 3639 Cuticuld
426 3559 562 3656 ablata,
584 3562 671 3636 odor
692 3566 891 3658 evanescit,
912 3567 1020 3638 etiam
1037 3561 1248 3637 ebullitione
1269 3559 1433 3633 radicum
1450 3561 1490 3633 in
1512 3559 1605 3659 aqud
1627 3557 1742 3632 calida

242 3681 426 3757 aufertur:
458 3683 509 3757 ita
533 3695 577 3757 ut
604 3682 650 3757 de
677 3684 761 3759 sede
787 3685 904 3759 odoris
927 3683 1072 3761 nullum
1096 3681 1252 3782 amplius
1275 3679 1428 3756 dubium
1455 3681 1565 3780 possit
1591 3681 1741 3755 moveri.

292 3804 347 3877 2⁰.
373 3801 462 3876 Tela
484 3802 665 3878 cellularis
686 3804 868 3881 tuberculi
888 3830 931 3880 eo
947 3807 1059 3908 magis
1080 3804 1256 3907 regularis
1274 3830 1348 3905 quo
1366 3804 1489 3904 planta
1509 3803 1651 3877 tenuior
1676 3815 1741 3874 est.

243 3920 394 3999 Cellulae
425 3921 609 4023 pleraeque
640 3922 757 3999 formd
789 3925 987 4001 abnormali
1020 3929 1060 4000 in
1095 3924 1277 4002 veteribus
1306 3923 1526 3999 Orchidihus
1559 3924 1744 3997 instructae

245 4053 343 4114 sunt.
375 4039 463 4114 Tela
492 4041 703 4117 eorumdem
726 4058 780 4119 εει
802 4046 969 4141 laxatior,
999 4048 1141 4122 densior
1164 4061 1285 4121 tamen
1308 4048 1402 4120 circa
1425 4070 1507 4121 vasa
1528 4044 1743 4138 vascolaria,

245 4160 409 4260 quamvis
424 4186 584 4263 persepe
595 4164 633 4236 in
646 4165 757 4239 massa
773 4165 852 4267 ejus
866 4168 949 4241 satis
965 4192 1106 4268 magnae
1117 4169 1258 4245 lacunae
1273 4168 1513 4245 inveniuntur
1523 4164 1537 4264 (
1547 4165 1640 4237 ch.
1652 4165 1682 4236 I
1682 4163 1742 4239 V.

232 4282 311 4382 fle·
337 4285 373 4357 1·
399 4282 534 4383 arfiv·
558 4284 594 4357 3·
613 4287 793 4386 acsfic·
819 4289 854 4380 4·
880 4289 940 4387 a).

158 4446 162 4453 ·
297 4403 350 4476 30.
376 4403 470 4477 Vasa
504 4404 703 4479 vascolaria
727 4408 902 4507 simplicia
929 4423 1026 4482 sunt.
1055 4410 1096 4482 In
1123 4408 1193 4483 illis
1217 4433 1285 4482 nec
1306 4406 1469 4481 tracheas
1494 4431 1563 4479 nec
1585 4403 1744 4505 pseudo-

246 4522 408 4598 tracheas
430 4527 649 4624 reperimus,
666 4529 972 4628 quemadmodum
993 4557 1013 4604 a
1028 4531 1139 4632 priori
1159 4529 1332 4629 suspicari
1349 4528 1430 4627 quis
1448 4528 1633 4627 potuisset.
1650 4524 1743 4596 Vasa

247 4640 309 4718 illa
327 4658 415 4721 sunt
435 4647 625 4739 continua,
647 4649 787 4750 integra
804 4662 842 4723 et
859 4649 987 4727 ferunt
1000 4650 1227 4751 (secundum
1247 4648 1507 4748 generaliorem
1529 4645 1744 4722 sententiam
