4388 5834
933 583 1062 684 (³7)

248 753 335 827 Pars
357 752 440 827 telae
461 750 623 850 ejusdem
644 750 770 851 organi
790 751 829 822 in
850 748 944 849 aquai
966 760 1142 821 macerata
1164 747 1314 848 pulpam
1331 748 1626 850 mucilaginosam
1641 751 1746 827 nobis

247 874 413 947 ostendit.
427 875 468 946 ln
480 872 605 947 eidem
615 873 683 946 haic
695 871 953 972 praeparatione
966 869 1036 943 tela
1049 883 1103 942 est
1114 870 1218 945 valde
1230 872 1361 971 exigua
1372 869 1609 971 (Tab.I.flg.
1619 872 1678 947 15.
1692 874 1742 972 b).

297 994 351 1069 3⁰.
377 992 470 1066 Vasa
496 993 690 1069 vascularia
719 993 918 1092 praesertim
950 991 1170 1091 singularem
1198 991 1299 1065 nobis
1324 991 1487 1093 praebent
1509 994 1745 1069 modificatio-

246 1140 353 1188 nem:
382 1114 457 1187 huo
491 1138 606 1213 usque
627 1115 725 1185 enim
749 1112 926 1186 duntaxat
952 1111 1109 1185 vidimus
1131 1138 1316 1211 processus
1337 1113 1616 1214 longitudinales
1643 1114 1744 1216 ejus-

246 1234 345 1307 modi
362 1259 545 1326 vasorum,
566 1258 633 1333 per
649 1258 737 1333 quos
750 1256 935 1332 processus
950 1233 1069 1307 eximi
1085 1235 1312 1309 extremitate
1327 1234 1543 1310 divisionum
1561 1235 1742 1311 tuberculi

244 1352 493 1429 extenduntur
515 1379 631 1453 usque
653 1353 698 1427 ad
718 1353 829 1454 bujus
852 1354 977 1453 organi
1001 1365 1139 1453 partem
1160 1356 1401 1456 superiorem,
1424 1355 1524 1430 unde
1546 1355 1677 1430 deinde
1702 1358 1742 1430 in

245 1473 386 1549 caulem
408 1487 609 1550 transeunt.
628 1476 796 1548 Attamen
817 1475 857 1546 in
876 1472 988 1570 hujus
1005 1474 1130 1574 organi
1151 1488 1248 1549 statu
1263 1474 1542 1569 rudimentario,
1564 1501 1648 1552 vera
1668 1477 1743 1550 dis-

244 1596 391 1696 positio,
406 1620 491 1670 vera
508 1597 707 1695 progressio
722 1594 868 1685 illarum
885 1596 1043 1694 partium
1060 1595 1174 1669 oculis
1189 1596 1451 1695 investigatoris
1465 1620 1541 1669 sese
1556 1595 1740 1696 patefacit.

246 1716 377 1790 Omnia
399 1718 497 1790 enim
519 1715 581 1789 illa
602 1740 683 1792 vasa
703 1715 824 1789 denuo
838 1716 934 1789 inter
952 1739 1028 1789 sese
1046 1714 1253 1819 junguntur
1267 1729 1306 1789 et
1326 1715 1517 1789 efformant
1535 1717 1741 1816 congeriem

244 1861 329 1936 quae
351 1863 483 1936 corpus
505 1836 678 1937 angulare
699 1835 885 1936 producit,
912 1836 1012 1910 unde
1032 1836 1158 1911 eadem
1177 1834 1256 1910 baec
1278 1861 1360 1910 vasa
1376 1835 1587 1934 prosiliunt,
1604 1837 1742 1911 verosi-

244 1956 379 2031 militer
404 1959 519 2057 magis
542 1955 707 2049 evoluta,
732 1956 791 2033 vel
817 1957 923 2031 modo
953 1960 1151 2032 existentia
1180 1957 1320 2034 diverso
1343 1954 1472 2030 abillo
1494 1981 1611 2056 quum
1634 1970 1745 2029 antea.

242 2074 467 2177 junctionem
500 2074 668 2153 babeant.
706 2074 919 2178 congeriem
949 2104 1114 2155 vasormn
1139 2075 1249 2153 babes
1291 2075 1385 2151 Tab.
1412 2074 1501 2154 IV.
1526 2074 1604 2176 fig.
1633 2079 1670 2149 2.
1696 2101 1746 2166 c..‚·.

110 2278 113 2285 ,
233 2195 317 2296 fig.
337 2194 374 2273 5..
401 2222 441 2273 c...

869 2437 899 2538 s
945 2437 1117 2514 xuvru..

289 2653 398 2730 Nunc
433 2655 683 2733 examinemus
713 2666 933 2735 structuram
965 2682 1131 2735 vasorum
1164 2682 1247 2758 quas
1280 2655 1355 2732 buc
1389 2679 1506 2757 usque
1539 2654 1737 2731 vascularia

242 2777 514 2878 appellavimus.
543 2776 709 2877 Quisque
730 2776 849 2854 tubus.
866 2802 976 2878 quem
997 2780 1038 2852 in
1057 2777 1267 2871 tuberculo,
1292 2778 1332 2851 in
1352 2776 1532 2851 radicibus
1553 2788 1591 2850 et
1610 2774 1738 2850 tubere

239 2898 460 2997 reperimus,
488 2922 562 2971 non
583 2895 737 3001 simplex
762 2922 883 2997 nespas
905 2900 1036 2975 unicus
1060 2897 1194 2971 babere
1216 2910 1349 2996 potest,
1382 2895 1617 2971 essentialiter
1638 2896 1737 2969 enim

239 3039 284 3090 ex
311 3014 485 3117 pluribus
504 3015 601 3093 tubis
631 3014 833 3118 conjunctis
856 3017 919 3092 sed
944 3018 1079 3118 optime
1106 3016 1283 3092 distinctis
1304 3017 1520 3116 compositus
1546 3028 1619 3107 est,
1647 3040 1737 3114 quos

239 3135 301 3215 Gl.
317 3138 467 3212 Mirbel
485 3136 540 3237 (1)
564 3136 707 3215 vascula
733 3139 878 3240 propria
901 3137 1077 3238 simplicia
1102 3139 1315 3215 nominavit.
1347 3136 1405 3210 Ut.
1427 3150 1610 3211 structura
1638 3133 1738 3245 ejus-

240 3255 339 3329 modi
363 3260 548 3357 inaperta
576 3270 751 3358 ponatur,
778 3260 819 3331 in
845 3259 939 3363 aqud
960 3258 1094 3337 lamina
1121 3259 1258 3333 tuberis
1285 3260 1324 3333 in
1348 3283 1422 3357 quo
1447 3255 1521 3357 iam
1548 3257 1739 3331 existentia

239 3373 411 3453 tuborum
434 3376 573 3452 detecta
599 3379 692 3471 fuit,
712 3380 957 3454 maceratione·
973 3376 1205 3480 subjiciatur.
1221 3374 1342 3475 Hujus
1365 3375 1580 3474 operationis
1603 3374 1739 3449 effectu

238 3495 352 3573 t'ubus.
365 3499 430 3597 qui
448 3511 551 3573 antea
567 3501 716 3590 unicus,
734 3500 928 3573 continuus
945 3510 984 3570 et
998 3496 1150 3596 simplex
1166 3519 1241 3568 esse
1257 3493 1462 3587 videbatur,
1481 3519 1582 3567 nunc
1599 3506 1737 3567 constat

238 3616 407 3719 plurimis
430 3621 521 3693 vasis
541 3618 863 3718 longitudinalibus
887 3643 968 3719 quas
998 3641 1063 3719 per
1096 3614 1252 3691 cellulas.
1268 3613 1524 3689 subtilissimas.
1542 3612 1736 3718 conjuncta

240 3736 404 3812 arbitror.
452 3738 547 3816 'lubi
578 3738 632 3813 illi
665 3739 898 3841 simpliciores
935 3735 1169 3813 indivisibiles
1199 3733 1389 3813 videntur..
1421 3733 1629 3812 Membrana
1662 3733 1736 3834 qua

241 3870 378 3935 constat
398 3862 548 3933 omnino
568 3862 738 3934 continua
761 3861 930 3961 purisque
949 3872 987 3934 et
1014 3856 1251 3934 foraminibus
1272 3856 1417 3934 videtur
1447 3879 1522 3930 esse
1550 3854 1733 3928 destituta.

245 4026 427 4049 m

306 4114 553 4189 mmmm
