4320 5820
870 562 885 660 s
911 563 957 640 ⁵⁷
983 563 999 662 )

174 737 250 836 fig.
273 739 333 807 11.
357 734 425 833 d).
454 733 553 806 Dicit
574 745 694 804 tamen
720 730 892 803 Richard
913 729 996 828 (op.
1018 727 1044 800 l.
1068 754 1104 827 p.
1132 729 1206 828 45)
1228 731 1266 804 in
1292 731 1511 808 Orcbidibus
1534 736 1680 815 nullum

183 858 305 929 adesse
334 854 595 945 retinaculum,
632 866 669 925 et
695 851 821 926 reversi
851 851 941 922 mihi
970 848 1113 931 difficile
1138 852 1212 924 fuit
1240 877 1319 925 eam
1346 866 1486 952 partem
1514 883 1535 928 a
1561 860 1680 931 consi-

183 974 331 1050 milibus
353 975 588 1074 distinguere.
617 974 676 1045 Sic
698 972 954 1046 Retinaculum
976 973 1015 1044 in
1041 974 1252 1049 universum
1275 999 1351 1048 sese
1372 974 1492 1049 habet.

232 1129 266 1175 α.
294 1098 515 1181 Positione,
545 1096 702 1169 anterior
723 1109 777 1168 est
799 1120 899 1194 pars,
920 1093 1144 1193 inferiorque
1164 1095 1275 1193 partis
1294 1095 1524 1170 antberiferae
1548 1123 1682 1199 gynos-

184 1219 304 1309 temii3
337 1230 590 1289 transversum.

235 1339 273 1434 β
302 1339 441 1409 Formd
466 1335 601 1434 largius
625 1360 735 1434 quam
758 1335 920 1434 longius,
947 1334 1128 1411 subovale.

233 1487 270 1558 γ.
302 1459 397 1529 Usu.
422 1456 607 1529 Sustentat
631 1454 836 1528 caudiculas
857 1455 1105 1529 enthecarum.

234 1577 264 1657 δ.
299 1576 573 1649 Adtaerentid.
603 1573 765 1647 Brachiis
789 1577 906 1675 gynizi
929 1575 1146 1649 adnectitur.

236 1727 261 1775 ε.
304 1697 453 1782 Colore,
488 1695 606 1795 primo
629 1694 759 1788 viride,
787 1695 918 1769 deinde
944 1694 1110 1769 rubrum.

822 1929 849 2028 ς
898 1929 1050 2002 nxxn.

763 2124 823 2195 De
862 2123 1101 2196 Rosnanuo.

239 2342 292 2415 3⁰.
319 2341 519 2415 Rostellum
542 2368 562 2413 a
592 2339 668 2415 Cel.
693 2339 865 2413 Richord
888 2350 1125 2437 nuncupatur
1151 2363 1174 2412 «
1194 2363 1374 2438 supernus
1396 2342 1579 2443 stigmatis
1599 2371 1688 2445 pro-

189 2488 307 2537 cessus
330 2463 426 2537 ultra
453 2463 634 2563 Gynizum
660 2459 877 2560 plerumque
897 2458 941 2530 ad
965 2460 1105 2556 apicem
1131 2472 1360 2559 angustatus,
1389 2462 1495 2536 modo
1519 2462 1687 2539 deorsum

187 2583 395 2683 prominens
417 2595 454 2654 et
470 2582 650 2682 Gynizum
672 2582 803 2679 partim
821 2578 1010 2679 obtegens,
1032 2581 1137 2654 modo
1162 2607 1306 2656 sursum
1328 2583 1558 2659 ascendens.''
1581 2585 1684 2684 (ll.

188 2727 226 2800 p.
253 2702 329 2799 27)
354 2699 464 2796 (Vid.
496 2701 588 2772 Tab.
614 2700 674 2772 V.
686 2699 764 2798 fig.
788 2699 826 2774 6.
851 2726 893 2788 e;
903 2699 981 2798 fig.
1006 2703 1065 2771 11.
1086 2702 1153 2799 g).

239 2849 272 2898 a„
298 2818 526 2905 Positione,
559 2821 740 2912 anterior,
776 2819 1000 2918 inferiorque
1031 2821 1142 2919 partis
1176 2821 1407 2898 antheriserae
1448 2826 1685 2925 gynostemii3

190 2952 448 3014 transversum.

239 3059 278 3155 β.
305 3060 465 3146 Fomd,
493 3056 562 3134 sub
585 3058 812 3160 globulosum
833 3061 873 3133 in
895 3061 1035 3160 apicem
1058 3060 1310 3137 ascendentem
1334 3062 1468 3138 abiens.

237 3206 274 3277 γ.
312 3179 395 3249 Usu
422 3179 619 3274 incognito.

240 3295 270 3375 δ.
306 3296 585 3385 Adhoerantio,
619 3324 705 3372 cum
730 3299 942 3373 retinacsdo.

242 3448 267 3495 ε.
311 3417 462 3505 Colore,
490 3421 607 3517 primo
633 3419 767 3512 viride,
794 3420 878 3493 dein
900 3418 1067 3493 rubrum.

241 3539 271 3634 ζ.
307 3538 535 3611 Evolutione
561 3540 601 3612 in
623 3538 748 3612 multis
774 3539 922 3614 floribus
943 3564 1017 3611 non
1039 3539 1257 3637 perlectum.

815 3773 844 3872 g
891 3771 1060 3846 nxxm.

761 3971 821 4042 Du
860 3966 1116 4042 Buasicuns.

244 4182 299 4278 4⁰.
325 4181 524 4264 Bussioulae
551 4184 698 4258 nomine
724 4211 744 4258 a
773 4184 849 4260 Cel.
874 4183 1047 4258 Richard
1070 4185 1265 4285 insignitur
1292 4198 1496 4260 «extrema
1518 4211 1584 4262 seu
1608 4189 1689 4286 api·-

197 4304 314 4378 cilaris
334 4327 417 4402 pars
442 4303 588 4376 Rostelli
610 4303 751 4378 saccelli
774 4307 885 4377 instar
906 4317 1048 4398 cavata3
1073 4306 1167 4377 intra
1189 4330 1300 4404 quam
1325 4305 1513 4381 nidulatur
1539 4309 1689 4382 Retina-

196 4424 323 4500 culum
345 4424 422 4498 sive
441 4422 593 4522 simplex
612 4425 687 4500 sive
706 4423 864 4524 duplex''
892 4426 943 4524 (l.
964 4427 991 4500 l.
1014 4453 1051 4527 p.
1074 4426 1149 4526 26)
1171 4428 1185 4524 (
1204 4428 1297 4500 Tab.
1324 4429 1383 4502 V.
1393 4429 1473 4528 fig.
1496 4428 1556 4503 15.
1576 4430 1638 4526 b).

247 4573 280 4620 α.
307 4541 507 4614 Positione
530 4543 646 4641 portio
670 4556 724 4617 est
744 4539 900 4619 anterior
919 4545 1142 4646 inferiorque
1168 4546 1398 4624 antheriferae
1422 4552 1534 4649 partis
1556 4573 1688 4650 gynos-

200 4667 312 4738 temii.
341 4662 422 4736 Coit
442 4687 529 4737 cum
549 4663 681 4763 septuli
702 4667 909 4742 extensione
932 4665 1040 4745 bifida
1060 4669 1251 4743 anteriore.
1516 4674 1540 4745 8
