4388 5834
1137 358 1180 435 ο

949 507 1077 608 (39)

946 771 975 871 s
1023 738 1080 843 n:

309 974 363 1042 20.
390 968 682 1068 Parenchymum
706 966 937 1040 constituitur
963 970 1016 1038 1⁰.
1039 966 1130 1039 vasis
1156 961 1480 1062 longitudinalibus
1506 974 1571 1036 aut
1596 960 1762 1039 vascula-

258 1088 377 1180 ribus,
406 1091 459 1160 20.
485 1087 556 1159 tels
578 1086 761 1178 cellulari,
789 1087 842 1160 30.
866 1084 991 1184 pulpis.

307 1210 339 1306 †
364 1208 458 1280 Vasa
481 1206 664 1280 cellulario
690 1205 814 1304 (Tob.
832 1204 920 1278 IV.
933 1204 1011 1303 fig.
1030 1205 1068 1278 9.
1092 1244 1143 1261 -
1172 1203 1266 1277 Tab.
1285 1203 1375 1277 IV.
1391 1203 1468 1303 fig.
1485 1203 1575 1301 24.)
1597 1203 1761 1278 eamdem

259 1328 339 1402 fere
360 1329 515 1426 speciem
539 1352 580 1398 sc
602 1327 640 1399 in
663 1325 758 1399 foliis
781 1326 826 1398 de
848 1323 980 1425 quibus
1001 1323 1097 1396 infru
1119 1320 1281 1399 dicemus
1302 1312 1379 1424 pree
1403 1350 1441 1398 se
1466 1326 1604 1398 ferunt.

307 1448 370 1547 ff
394 1445 481 1520 Tela
506 1444 686 1518 cellularis
712 1444 875 1545 elongato
901 1456 956 1515 est
982 1442 1106 1540 (Tab.
1130 1444 1220 1518 IV.
1237 1445 1315 1545 fig.
1338 1449 1374 1518 8.
1389 1446 1415 1544 ).

308 1566 400 1665 ffl
424 1565 541 1664 Pulpa
563 1562 727 1638 eamdem
752 1565 909 1663 speciem
931 1589 974 1637 sc
987 1564 1287 1665 *parenchymum
1315 1564 1486 1640 foliorum
1504 1564 1660 1667 praebet‚
1682 1562 1762 1639 alba

259 1700 404 1762 tontum
431 1686 491 1764 vel
517 1684 745 1763 albo-viridis
765 1699 831 1759 est.

942 1918 971 2018 s
1020 1919 1079 1992 nr.

311 2112 486 2215 Magnum
511 2113 608 2185 inter
633 2111 719 2184 folia
748 2124 787 2185 et
811 2134 977 2212 squamas
1007 2113 1160 2185 turionis
1185 2113 1307 2186 existit
1340 2112 1551 2208 discrimen,
1589 2114 1763 2215 desump-

260 2246 342 2310 tum
365 2258 411 2309 ex
431 2233 579 2307 defectu
601 2232 845 2324 macularum,
875 2231 1008 2331 quibus
1028 2234 1157 2332 saepius
1183 2235 1391 2333 superficies
1417 2234 1589 2309 foliorum
1613 2233 1764 2309 decora-

262 2368 337 2429 tur.
356 2353 473 2428 'Color
500 2355 564 2454 qui
592 2354 671 2427 illas
696 2353 856 2427 maculas
882 2354 1071 2453 distinguit
1098 2380 1172 2427 non
1204 2355 1311 2428 modo
1336 2356 1376 2428 in
1402 2354 1516 2448 foliis,
1549 2353 1701 2429 bracteis
1726 2368 1765 2429 et

261 2474 350 2550 flore
370 2477 569 2576 reperitur,
599 2499 728 2550 verum
754 2475 862 2548 etism
885 2474 930 2547 ad
953 2474 1065 2547 caulis
1090 2476 1318 2574 superficiem
1347 2501 1441 2576 saepe
1465 2476 1642 2568 occurrit,
1669 2488 1707 2549 et
1734 2475 1764 2547 si

260 2621 336 2669 non
365 2599 405 2668 in
434 2596 592 2695 squamis
623 2595 778 2669 turionis
802 2594 917 2687 adest,
950 2593 1013 2667 ille
1041 2594 1205 2669 defectus
1226 2609 1270 2667 ut
1294 2596 1441 2694 opinor,
1469 2594 1684 2669 tribuendus
1709 2607 1764 2667 est

261 2716 424 2790 defectui
445 2739 618 2816 pororum
642 2716 707 2814 qui
730 2740 804 2788 non
825 2716 865 2786 in
894 2715 951 2787 his
975 2713 1231 2813 posterioribus
1253 2716 1429 2791 existunt.
1458 2715 1530 2791 Sed
1557 2740 1641 2790 mox
1661 2713 1765 2814 sigil-

261 2837 363 2911 latim
387 2836 433 2909 de
454 2836 633 2937 principio
655 2833 836 2909 coloraote
859 2834 922 2908 fiet
943 2836 1094 2908 mentio.

639 3069 704 3145 111.
754 3069 820 3143 De
847 3068 975 3142 caulis·
1000 3069 1193 3141 structura
1220 3069 1384 3143 intemd.

935 3284 963 3383 S
1011 3285 1088 3359 th.

312 3506 435 3580 Primo
457 3503 504 3578 de
525 3503 628 3577 caule
654 3501 800 3602 proprie
820 3502 872 3575 sic
893 3500 1009 3593 diest,
1035 3499 1168 3574 deinde
1189 3498 1235 3573 de
1257 3499 1361 3572 nodis
1386 3510 1440 3572 est
1461 3496 1658 3598 agendum.

313 3624 435 3699 Coulis
459 3635 597 3696 constet
624 3624 676 3693 10.
698 3619 907 3695 membrana
929 3619 1078 3693 extemd
1102 3618 1162 3695 vel
1180 3618 1367 3712 curicutt,
1398 3620 1454 3691 20.
1482 3617 1555 3692 tett
1576 3616 1763 3713 cellulari,

264 3745 318 3820 30.
341 3745 445 3819 rosis.

314 3868 368 3937 10.
393 3860 603 3937 Membrana
633 3873 782 3936 externa
809 3860 885 3935 sive
909 3857 1070 3934 cuticula
1094 3855 1221 3933 eodem
1242 3859 1389 3932 omnino
1413 3870 1467 3932 est
1492 3883 1534 3931 ac
1556 3855 1765 3932 membrana

263 3999 413 4060 externa
437 3984 609 4058 foliorum
636 3981 683 4057 de
703 3980 777 4082 qui
798 3980 907 4054 infru.

314 4109 370 4178 20.
395 4104 483 4179 Tela
503 4103 683 4178 cellularis
704 4128 726 4176 a
746 4099 955 4201 peripherid
979 4098 1128 4173 externd
1155 4123 1271 4199 usque
1292 4097 1338 4172 od
1357 4098 1583 4196 superficiem
1602 4094 1682 4171 tubi
1703 4096 1764 4169 in·

257 4226 360 4327 ‚terni
382 4224 608 4316 extenditur,
631 4225 682 4296 ita
706 4235 828 4295 tamen
850 4233 894 4294 ut
916 4244 992 4293 non
1016 4219 1116 4291 omni
1141 4243 1186 4294 ex
1209 4233 1312 4322 porte
1334 4218 1497 4292 eamdem
1519 4219 1764 4291 intensitatem

264 4345 422 4449 proebeat
452 4345 574 4442 (Tob.
600 4344 690 4418 IV.
720 4341 795 4443 fig.
824 4345 886 4415 11.
915 4366 1019 4432 a-c,·
1038 4341 1118 4441 fig.
1146 4339 1206 4415 13.
1235 4366 1262 4413 a
1284 4339 1353 4438 c),
1386 4338 1529 4411 densior
1559 4339 1653 4411 circo
1681 4362 1763 4411 rosa

264 4465 385 4544 evadit
410 4464 534 4565 (Tab.
561 4464 647 4539 IV.
663 4463 742 4564 fig.
760 4467 822 4536 11.
846 4463 892 4555 b,-
905 4463 980 4564 fig.
1000 4462 1059 4538 13.
1085 4462 1146 4560 b).
1168 4462 1335 4538 Lorotior
1354 4484 1441 4539 vero
1457 4458 1503 4533 ad
1517 4458 1762 4560 peripherism

264 4587 344 4662 tubi
368 4587 505 4662 interni
528 4583 682 4684 (eadem
707 4585 801 4659 Tab.
821 4584 948 4660 iisdem
958 4584 1083 4686 figur.
1105 4584 1244 4683 cc,cc).
