4388 5834
932 493 1062 591 (W)

301 661 366 735 Hae
386 660 524 734 fibrillae
545 673 630 734 sunt
651 659 867 732 tenerrimae.
891 644 1149 754 Depinguntur
1177 655 1269 726 Tob.
1294 655 1357 727 II.
1373 654 1450 754 fig.
1471 657 1530 728 18.
1568 655 1671 753 Apex
1694 667 1748 725 est

252 780 429 854 fili‘formiu
450 782 465 880 (
483 782 575 853 Tab.
598 782 661 853 II.
676 780 750 878 fig.
773 779 846 875 9),
869 777 960 850 basis
982 777 1190 875 glandulosa
1218 776 1342 874 (Tab.
1361 780 1423 851 11.
1441 777 1514 877 fig.
1535 778 1571 852 9.
1593 777 1651 872 h).

302 900 419 975 Usum
449 901 577 974 harum
601 899 814 973 fibrillorum
836 901 875 971 in
904 902 1128 974 nutrimento
1151 900 1262 973 rictus
1284 902 1402 998 specie
1432 896 1650 972 adsumendo
1678 922 1746 996 po·

252 1020 363 1094 situm
386 1046 480 1114 esse,
509 1046 615 1094 nemo
640 1022 779 1118 estqui
805 1022 958 1117 ignorat.

865 1255 893 1355 g
941 1256 1134 1330 xxxvn.

303 1466 343 1537 C.
370 1464 524 1538 Nomine
550 1467 692 1538 tuberis
712 1466 906 1564 insignitur
929 1490 1069 1566 gemma
1092 1467 1224 1566 plontae
1246 1467 1408 1541 nondum
1431 1464 1595 1540 evolutae.
1624 1461 1749 1537 Tuber

253 1599 291 1660 et
312 1585 545 1661 tuberculum
568 1613 641 1660 non
664 1601 749 1660 sunt
772 1588 867 1660 inter
888 1612 926 1659 se
947 1588 1202 1661 confundenda
1225 1587 1334 1683 (vid.
1358 1588 1387 1684 d.
1411 1589 1471 1680 34.
1494 1587 1555 1682 a).

301 1707 424 1781 Primo
447 1708 662 1783 evolutionis
687 1707 819 1806 gradu,
850 1733 990 1807 gemma
1013 1720 1067 1781 est
1094 1707 1293 1807 globulosa,
1321 1707 1560 1798 subrutundo3
1590 1703 1747 1777 secundo

252 1828 367 1928 gradu
386 1829 530 1902 induas
551 1829 725 1902 dividitur
747 1841 884 1927 parteis,
910 1831 1015 1902 tertio
1039 1829 1195 1928 denique
1219 1829 1399 1904 subdivisa
1420 1842 1490 1921 est,
1519 1826 1692 1927 palmata,
1712 1839 1749 1897 et

254 1948 420 2039 taudem,
445 1974 560 2047 quum
583 1949 705 2048 planta
727 1973 773 2021 ex
796 1975 866 2048 qua
888 1952 1064 2048 originem
1086 1953 1231 2041 sumsit,
1256 1964 1398 2023 mortua
1426 1964 1497 2041 est,
1518 1947 1689 2022 eumdem
1707 1972 1749 2017 ac

252 2068 504 2160 tuberculum,
530 2068 634 2169 cujus
658 2069 909 2142 tantummodo
929 2072 1086 2168 primum
1106 2085 1159 2144 est
1178 2071 1445 2163 rudimentum,
1471 2070 1621 2143 formam
1643 2067 1750 2140 exhi-

251 2187 326 2262 bet.
353 2189 485 2264 Ortum
507 2190 608 2265 ducit
628 2217 648 2263 a
672 2205 773 2289 parte
798 2192 975 2263 anteriore
995 2203 1032 2263 et
1052 2193 1236 2288 superiore
1256 2189 1456 2280 tuberculi,
1483 2188 1528 2261 ab
1548 2190 1622 2261 imo
1645 2185 1749 2260 caule

252 2322 290 2382 et
311 2335 419 2408 supra
444 2310 592 2384 radices.
622 2311 727 2385 Color
753 2311 832 2412 ejus
854 2311 1012 2403 albidus,
1038 2310 1219 2386 flaccidior
1245 2313 1491 2401 consistentia,
1520 2307 1749 2406 mucilaginis

252 2432 432 2527 quantitas
443 2430 549 2505 facile
565 2432 662 2505 illam
675 2461 695 2504 a
709 2432 897 2507 tuberculo
913 2434 1153 2533 distinguunt.
1174 2433 1329 2507 Tuberis
1337 2433 1559 2508 evolutiones
1576 2431 1748 2505 videntur

258 2549 351 2621 Tab.
369 2551 406 2622 I.
426 2550 503 2650 fig.
527 2554 564 2624 2.
588 2549 635 2642 di
645 2554 724 2654 fig.
743 2555 779 2628 3.
801 2556 856 2646 ἀς
866 2554 944 2653 fig.
973 2555 1009 2628 5.
1035 2555 1176 2653 d5flg.
1207 2558 1243 2634 7.
1264 2554 1311 2644 ἅς
1327 2552 1405 2653 fig.
1430 2555 1466 2629 9.
1491 2553 1529 2625 d.
1566 2552 1658 2623 Tob.
1682 2550 1746 2622 ΙΙ.

240 2668 731 2771 ΜΛΨὼὶε,
1241 2787 1242 2791 g

304 2789 396 2861 Cum
420 2792 480 2864 vix
504 2816 646 2888 gemma
669 2807 769 2866 extra
797 2796 979 2867 turionem
1005 2797 1196 2870 crescendo
1218 2796 1446 2888 extenditur,
1468 2793 1542 2896 jam
1565 2794 1747 2866 turiouem

252 2935 362 2984 suum
383 2913 572 3010 proprium
592 2928 765 2987 monstrat
781 2918 844 3014 qui
864 2916 1123 2989 rudimenteria
1143 2918 1259 3016 prima
1275 2916 1406 3015 plantae
1422 2914 1640 2988 lineamenta
1659 2938 1748 2985 con-

252 3031 1448 3136 imimuffimmnumuissfflnffl
1600 3082 1603 3086 ι

303 3153 429 3242 Quum
446 3180 588 3255 gemma
610 3183 630 3228 a
656 3157 760 3231 caule
770 3173 975 3258 separatur,
996 3159 1226 3234 observamus
1245 3158 1448 3230 cicatricem
1467 3151 1746 3242 subrotundam,

253 3271 446 3371 aliquando
482 3279 821 3373 semi-circularem,
851 3280 896 3353 ad
920 3295 1058 3379 partem
1085 3285 1307 3380 superiorem
1338 3277 1475 3351 tuberis
1507 3279 1610 3347 sitam
1639 3276 1678 3346 in
1706 3299 1749 3347 eo

253 3390 331 3465 loco
347 3419 420 3492 quo
444 3394 608 3494 delapsus
623 3398 805 3475 tuberculi
826 3402 1018 3500 vestigium
1038 3401 1276 3474 indicavimus
1296 3399 1415 3495 (Tot.
1438 3398 1501 3468 11.
1515 3396 1593 3493 fig.
1607 3395 1645 3486 ri.
1660 3421 1691 3491 g
1706 3418 1749 3480 e‚·

311 3566 319 3584 .
344 3513 379 3586 5.
406 3540 426 3585 o
455 3570 463 3586 .
494 3515 578 3587 Vid.
647 3519 668 3590 3
699 3573 707 3590 .

241 3511 412 3728 figRaro,
437 3515 553 3735 iluum
580 3518 695 3712 tribui5
711 3639 831 3714 adhue
856 3641 1007 3743 junioris
1028 3643 1074 3714 sit
1103 3643 1234 3737 utatis,
1256 3639 1398 3715 radices
1417 3639 1561 3713 fibrosos
1587 3635 1748 3736 proprios

253 3752 400 3830 exhibet
423 3756 547 3857 (Tab.
572 3759 609 3832 Ι.
621 3759 698 3860 fig.
722 3764 758 3840 7.
786 3761 862 3852 kk3
874 3764 952 3864 fig.
976 3768 999 3839 8
1022 3764 1110 3863 kt).

822 4016 869 4089 Π.
921 4019 985 4090 De
1018 4020 1181 4102 luricae..
1312 4014 1353 4028 ”

856 4182 885 4280 ς
933 4185 1165 4256 xxxvnu·

303 4338 512 4413 Secundum
536 4341 717 4417 doctrinas
739 4321 968 4439 Linnaeanas‚
1002 4351 1098 4422 turio
1123 4349 1216 4422 nihil
1238 4348 1339 4422 aliud
1360 4360 1414 4421 est
1440 4347 1508 4419 nisi
1530 4371 1672 4447 gemma
1696 4344 1750 4444 (1)

322 4571 359 4640 (r)
384 4570 501 4625 Gemma
521 4582 562 4626 eut
584 4590 647 4644 paro
668 4575 772 4646 plauto
801 4577 888 4632 radici
911 4579 1033 4634 insidens
1058 4598 1119 4651 quo
1142 4579 1262 4634 occultat
1285 4576 1407 4650 squamis
1432 4576 1564 4631 foliorum
1586 4574 1750 4631 rudimentis

254 4659 431 4731 embryonem
448 4661 550 4716 futuru
568 4663 659 4719 herbo
685 4665 838 4735 (Amoeuit.
863 4667 981 4737 Acad.).
1008 4669 1123 4723 Gemma
1142 4681 1182 4725 eu
1201 4670 1422 4741 hylumaoulum
1445 4667 1556 4725 caudice
1574 4664 1749 4723 aduenienti

252 4748 375 4805 insideo·
394 4751 486 4821 (Phil.
507 4752 563 4808 bot.
574 4753 594 4824 ).
618 4753 735 4810 Gemm
752 4775 767 4812 e
783 4757 948 4813 rudimentis
962 4759 1095 4815 foliorum
1111 4760 1269 4816 futurorum
1289 4762 1381 4834 (Syst.
1404 4762 1494 4833 reg).
