4388 5834
895 604 1025 706 (31)

260 779 411 854 Lamind
442 778 632 879 paululum
662 777 884 850 extrinsecus
905 789 943 849 et
965 774 1110 874 oblique
1137 775 1319 874 superiora
1342 800 1465 852 versus
1487 775 1707 879 diriguntur.

212 905 363 977 Lamina
385 901 571 975 interdum
588 913 642 973 est
655 900 778 998 nigra,
804 898 896 970 sicca
923 895 1047 994 (Tab.
1071 897 1134 969 ΙΙ.
1148 896 1225 995 fig.
1250 901 1310 969 20.
1338 899 1383 988 b,·
1395 899 1473 999 fig.
1499 901 1558 975 19.
1586 901 1709 1000 aaa);

212 1024 397 1099 interdum
417 1021 571 1098 maculis
592 1020 651 1098 vel
674 1021 820 1119 punctis
842 1019 960 1109 siccis,
985 1019 1096 1116 nigris
1119 1031 1240 1091 notata
1262 1019 1381 1118 (Tab.
1399 1021 1454 1093 II
1455 1076 1462 1093 .
1473 1022 1551 1120 fig.
1571 1025 1631 1094 22.
1653 1023 1708 1120 c).

876 1250 1048 1349 gxii.

263 1471 307 1542 In
326 1469 514 1568 superficie
535 1490 767 1566 squamarum
792 1462 898 1535 sicuti
921 1475 958 1534 et
978 1461 1168 1558 foliorum,
1192 1464 1428 1542 observantur
1453 1470 1559 1540 nervi
1573 1469 1712 1564 paral-

215 1593 283 1663 leli
313 1592 378 1691 qui
408 1614 532 1665 versus
564 1591 703 1688 apicem
733 1585 983 1662 tantummodo
1019 1588 1058 1658 in
1080 1612 1196 1660 unum
1218 1592 1362 1661 coeunt.
1398 1586 1540 1665 Nervus
1573 1588 1712 1664 medius

215 1710 329 1813 major
353 1724 408 1785 est
433 1709 545 1807 (Vid.
575 1709 753 1782 Tab.11.
771 1710 848 1809 fig.
874 1714 935 1783 21.
959 1712 1047 1811 ab).

263 1835 420 1910 Difficile
440 1859 637 1934 mamma
659 1833 755 1907 foliis
778 1835 1050 1929 discernuntur,
1075 1837 1162 1936 quia
1180 1860 1307 1908 eorum
1329 1836 1546 1908 constructio
1562 1833 1640 1907 fere
1659 1848 1713 1908 est

215 1956 355 2031 eadem.
380 1955 552 2029 Offerunt
574 1958 672 2028 enim
693 1957 732 2028 in
747 1960 938 2055 superficie
953 1960 1119 2050 extemd,
1143 1961 1328 2057 ingentem
1350 1956 1564 2030 lineolarum
1588 1957 1715 2030 minu-

215 2082 435 2153 tissimarum
461 2077 601 2176 copiam
628 2103 709 2176 quae
735 2079 978 2155 verisimiliter
1003 2105 1197 2178 purorum,
1233 2079 1360 2155 velut
1385 2078 1445 2150 alii
1466 2077 1712 2168 contendunt,

216 2199 471 2301 glandularum
493 2198 689 2272 miliarium
715 2201 894 2299 margines
911 2202 1083 2274 indicant.
1108 2201 1212 2275 Tales
1230 2205 1337 2276 etiam
1354 2200 1495 2297 lineolae
1517 2214 1714 2274 occurrunt

216 2324 256 2396 in
272 2321 369 2394 loliis
383 2319 628 2394 caulinaribus
650 2319 757 2417 (Vid.
779 2322 871 2394 Tah.
891 2323 953 2395 II.
965 2322 1043 2421 fig.
1065 2325 1126 2394 22.
1150 2322 1179 2393 d
1187 2322 1212 2420 )
1243 2321 1300 2396 Ad
1322 2335 1461 2422 partem
1479 2346 1562 2421 quae
1584 2345 1715 2397 nervos

216 2441 381 2533 obducit,
404 2440 545 2513 lineolae
567 2440 639 2513 illae
663 2440 880 2541 longissimae
907 2444 1079 2519 evadunt.

266 2564 369 2637 Hanc
385 2562 431 2635 ob
454 2588 597 2636 causam
619 2562 674 2635 illi
695 2565 759 2662 qui
783 2589 946 2662 squamas
971 2566 1123 2638 turionis
1147 2591 1212 2663 pro
1236 2565 1333 2638 foliis
1355 2564 1506 2657 habent,
1532 2589 1605 2638 non
1630 2576 1714 2636 tau-

217 2699 317 2777 tum,
344 2698 523 2784 quantum
548 2684 659 2784 vulgo
684 2684 861 2778 creditur,
889 2712 909 2758 a
931 2688 1082 2760 veritate
1104 2686 1282 2760 aberrant.

267 2804 338 2879 Sed
362 2805 480 2879 colore
507 2819 544 2878 et
565 2805 804 2879 diuturnitate
827 2831 847 2877 a
874 2807 969 2879 foliis
990 2807 1278 2907 distinguuntur.

266 2926 433 3026 squam
454 2939 541 2999 sunt
565 2923 712 3017 alhidae,
732 2925 777 2998 ad
799 2926 1042 2999 extremitates
1068 2926 1219 3018 virides,
1249 2951 1293 2998 eo
1312 2927 1512 3026 praesertim
1526 2924 1591 2999 ubi
1610 2925 1715 2998 nervi

218 3049 258 3122 in
283 3075 402 3123 unum
427 3053 571 3122 cudunt.

269 3169 395 3261 Quum
407 3168 528 3268 planta
541 3167 746 3261 efflorescit,
765 3170 1131 3269 squamaesiccantur3
1150 3166 1531 3269 postefflorescentiam
1544 3177 1713 3266 pereunt.

798 3403 861 3476 ΠΙ.
912 3405 978 3477 De
1008 3405 1131 3475 caule.

869 3597 897 3697 g
946 3598 1060 3670 XLII.

269 3805 523 3899 Quorumdam
544 3818 734 3880 auctorum
756 3807 884 3899 instar,
904 3819 1077 3881 truncum
1100 3806 1268 3880 Orchidis
1283 3831 1356 3880 non
1376 3819 1547 3904 tanquam
1565 3824 1716 3901 scapum

220 3925 283 4000 sed
306 3940 491 4026 tamquam
516 3923 645 4002 v'erum
668 3925 809 4000 caulem
833 3925 1023 4021 habemus,
1047 3930 1103 4002 uti
1124 3928 1226 4002 nobis
1251 3928 1337 4001 folia
1358 3928 1446 4001 huic
1465 3926 1603 3999 adnexa
1628 3947 1716 4023 pro-

220 4046 320 4119 bant.
343 4049 445 4121 Licet
469 4061 561 4121 teres
583 4047 756 4147 appellari
784 4051 909 4148 possit,
937 4061 1058 4123 tamen
1082 4048 1253 4147 quasdam
1273 4060 1386 4122 costas
1407 4047 1447 4118 in
1471 4058 1574 4145 parte
1602 4068 1715 4145 supe-
1753 4124 1759 4133 ,

221 4167 316 4240 riore
344 4167 509 4260 exhibet,
541 4194 621 4267 quae
648 4193 694 4243 ex
716 4170 806 4245 vasis
833 4170 986 4268 propriis
1007 4169 1239 4244 Bractearum
1269 4171 1455 4261 oriuntur,
1478 4165 1715 4265 quemadmo-

223 4286 311 4362 dum
331 4286 407 4361 illoe
427 4313 508 4386 quae
529 4288 570 4361 in
589 4302 691 4387 parte
708 4289 879 4363 inferiore
899 4314 996 4389 saepe
1014 4290 1266 4384 observantur,
1289 4293 1501 4366 extensione
1519 4312 1717 4364 nervorum

223 4409 391 4485 foliorum
409 4412 635 4509 superiorum
655 4411 855 4484 alternatim
870 4413 1134 4511 producuntur.
1154 4414 1268 4488 Costae
1284 4412 1355 4486 illae
1372 4411 1534 4484 efficiunt
1548 4421 1590 4482 ut
1606 4409 1718 4482 sectio
1779 4427 1786 4438 “

223 4543 422 4605 transversa
458 4530 612 4632 hujusce
645 4532 776 4632 plantae
811 4535 922 4633 partis
948 4559 1029 4633 quae
1065 4536 1143 4607 axis
1168 4533 1440 4606 inflorescentiae
1470 4543 1641 4623 vocatur,
1670 4529 1715 4600 sit

223 4650 417 4751 angulosa,
429 4652 544 4726 donec
565 4655 674 4726 sectio
693 4653 875 4729 simillima
886 4656 924 4728 in
940 4655 1112 4730 inferiore
1128 4654 1240 4729 caulis
1258 4666 1361 4756 parte
1376 4654 1557 4748 instituta,
1575 4649 1713 4727 nullam

158 4809 162 4815 ·
221 4771 300 4849 fere
322 4775 566 4849 extensionem
593 4774 762 4874 praebeat.
