4320 5820
1241 594 1256 690 (
1282 596 1331 666 12
1355 592 1372 690 )

607 765 714 863 Salep
738 768 776 836 in
798 763 988 862 pulverem
1015 759 1201 858 redigetur
1225 755 1271 828 ad
1292 754 1544 854 quotidianum
1572 758 1655 829 vitae
1679 780 1787 828 usum
1808 768 1848 827 et
1870 757 1964 853 aqua
1989 782 2055 828 ca*

557 887 631 960 lida
652 887 874 977 dissolvitur,
892 882 1101 981 mucilagini
1115 881 1192 969 lac,
1213 877 1444 970 saccharum,
1462 889 1619 950 aromata
1638 877 1847 968 miscentur,
1864 889 1908 949 ut
1928 879 2054 950 minus

557 1010 679 1108 inepta
707 1021 745 1080 et
769 1007 888 1106 palato
909 1008 1044 1105 gratior
1066 1002 1252 1076 reddatur.

606 1127 713 1226 Salep
727 1126 864 1200 bouum
880 1140 934 1198 cst
949 1125 1189 1196 lenimentum
1205 1123 1278 1213 uti,
1299 1122 1339 1193 in
1363 1121 1595 1208 uuiversum,
1617 1142 1742 1190 omnes
1756 1120 1915 1190 materiae
1932 1122 2054 1192 muci-

557 1246 743 1346 laginosae,
766 1247 881 1321 veluti
900 1246 1041 1341 gummi
1063 1241 1267 1333 arabicum,
1287 1266 1419 1339 sagou,
1441 1252 1512 1311 etc.
1535 1236 1717 1310 Adversus
1732 1237 1929 1310 humorum
1947 1263 2052 1310 acer-

556 1365 723 1456 bitatem,
745 1367 785 1436 iu
806 1365 942 1462 phthisi
969 1377 1007 1435 et
1029 1359 1237 1434 dissenteria
1260 1358 1523 1458 prescribitur,
1539 1372 1610 1431 etc.
1639 1357 1746 1430 Vires
1766 1361 1896 1429 amoris
1917 1357 2052 1454 volup—
2076 1446 2081 1450 g

556 1485 691 1558 tatibus
714 1499 901 1558 enervatas
923 1496 1083 1574 recreat,
1111 1482 1267 1579 ideoque
1289 1480 1388 1579 apud
1413 1481 1549 1555 Turcas
1576 1505 1708 1578 magno
1731 1482 1768 1552 iu
1789 1506 1860 1553 usu
1883 1494 1948 1551 ast.

606 1607 727 1702 Aqua,
753 1607 794 1675 in
814 1605 886 1702 qua
909 1602 1113 1676 Orchidum
1139 1602 1277 1674 radices
1302 1601 1458 1674 decoctae
1472 1613 1576 1692 sunt,
1602 1601 1790 1673 materiam
1807 1599 2048 1696 peculiarem,

556 1723 772 1797 odoriferam
794 1736 832 1796 et
856 1749 1005 1798 suavem
1028 1722 1189 1821 deponit.
1231 1723 1296 1794 Est
1320 1723 1470 1794 materia
1498 1723 1643 1820 propria
1669 1721 1788 1794 odoris
1812 1747 1923 1820 quem
1946 1722 2049 1796 bulbi

555 1843 688 1916 harum
707 1842 913 1940 plantarum
932 1857 1126 1942 spargunt,
1141 1842 1267 1916 saltem
1281 1845 1322 1916 in
1337 1844 1394 1915 his
1409 1841 1632 1916 solummodo
1650 1841 1813 1942 partibus
1830 1842 2049 1942 plerumque

555 1964 759 2064 specierum
784 1962 906 2037 sedem
932 1965 1065 2063 posuit.

1214 2204 1244 2303 ς
1290 2204 1391 2277 XIII.

604 2435 703 2507 siin
726 2462 871 2509 causam
894 2464 981 2511 usus
1001 2437 1165 2510 radicum
1192 2434 1396 2509 Orchidum
1422 2435 1660 2533 inquirimus,
1688 2432 1788 2506 illam
1810 2434 1849 2505 iu
1874 2434 2049 2534 singulari

555 2554 672 2626 formal
696 2555 970 2629 tuberculcrum
994 2556 1223 2656 didymorum
1249 2559 1485 2658 reperiemus.
1515 2555 1691 2630 Orchidcs
1713 2556 1811 2628 enim
1834 2555 1966 2628 talibus
1984 2569 2051 2629 tu-

553 2671 711 2748 berculis
731 2678 916 2749 instructae
936 2677 1050 2774 magis
1068 2701 1177 2774 quam
1200 2689 1340 2750 caeterae
1366 2675 1596 2750 adhibentur.
1624 2676 1683 2747 Sic
1713 2674 1825 2774 vulgo
1854 2689 1893 2747 et
1919 2702 2050 2750 verum

554 2791 759 2868 Turcarum
793 2794 899 2894 Salep
924 2794 1080 2868 habetur
1122 2797 1259 2868 Orobis
1291 2797 1466 2868 mascula
1506 2795 1578 2895 (ab
1609 2795 1687 2868 aliis
1726 2796 1863 2868 Orobis
1894 2798 2050 2895 Morio)

553 2910 660 3012 cujus
686 2912 867 2986 tuberculi
898 2916 1091 2988 maximam
1121 2941 1205 2988 cum
1238 2915 1395 2988 hominis
1430 2915 1604 2988 testiculis
1635 2913 1772 2988 habent
1804 2915 2052 2988 similitudinis

553 3034 728 3128 speciem
754 3058 828 3131 quo
853 3034 991 3106 Iactum
1016 3049 1071 3106 est
1089 3049 1133 3108 ut
1151 3035 1229 3108 haec
1255 3035 1378 3133 planta
1403 3061 1570 3134 magnam
1594 3034 1693 3135 apud
1715 3048 1854 3110 veteres
1877 3049 1981 3107 nacta
2000 3039 2050 3109 sit

554 3149 811 3223 celebritatem.
841 3153 955 3223 Tanta
982 3165 1060 3224 erat
1083 3153 1194 3254 hujus
1218 3155 1314 3226 fama
1338 3168 1400 3246 ut,
1423 3153 1581 3227 barbaris
1605 3154 1845 3254 temporibus,
1866 3154 2049 3228 sufficeret

553 3269 747 3342 nonnullas
775 3269 854 3371 ejus
880 3270 1016 3343 radices
1040 3273 1136 3344 iuter
1158 3273 1334 3346 solemnes
1358 3286 1483 3345 vatum
1505 3277 1597 3346 ritus
1619 3273 1775 3347 edendas
1794 3273 1973 3374 praebere,
2002 3290 2049 3349 ut

553 3387 725 3491 conjuges
750 3404 840 3464 tunc
859 3414 975 3490 usque
997 3392 1169 3489 temporis
1188 3393 1435 3491 propagationi
1457 3392 1656 3489 inhabiles,
1683 3393 1984 3469 fecundarentur.

1211 3668 1389 3765 §xm

559 3928 564 3933 ·
603 3901 804 3976 Orchidum
824 3904 961 4002 species
981 3904 1089 3979 variae
1110 3930 1176 4004 pro
1196 3904 1303 3979 variis
1322 3918 1501 3981 terrarum
1520 3908 1727 3995 locissunt.
1758 3911 1928 3984 Attamen
1949 3910 2044 3987 illud

553 4047 638 4098 cum
654 4023 821 4097 omnibus
840 4024 1217 4124 Monocotyledonibus
1239 4051 1432 4100 commune
1455 4027 1608 4122 habent,
1630 4042 1674 4103 ut
1694 4028 1877 4129 pleraque
1900 4045 1939 4104 et
1956 4032 2046 4131 pul-

554 4142 742 4216 cherrimae
769 4148 905 4243 specics
931 4149 1094 4245 regiones
1123 4145 1283 4220 incolant
1307 4147 1376 4220 sub
1404 4163 1587 4249 arquatore
1615 4151 1698 4221 sitas
1728 4149 1788 4224 vel
1816 4151 1855 4222 in
1887 4163 2045 4251 utroque

551 4263 794 4363 hemispherio
826 4268 998 4366 aequatori
1020 4268 1167 4342 vicinas.
1201 4265 1397 4341 Climatum
1417 4269 1458 4342 in
1481 4265 1693 4370 vegetabilia
1717 4269 1771 4346 ris
1792 4267 1965 4343 mirabilis
1984 4271 2046 4345 vi-

552 4384 673 4458 detur.

599 4503 750 4578 RadIcca
773 4507 900 4581 revera
924 4507 1124 4584 multarum
1155 4510 1357 4612 specierum
1385 4511 1609 4586 exoticamm
1638 4534 1713 4584 non
1743 4509 1850 4586 modo
1881 4509 2043 4608 fibrosae,

510 4720 513 4732 ᾖ
551 4626 812 4708 verumetiam
831 4630 1027 4729 parasitica·
1047 4644 1148 4707 suut.
