4388 5834
1024 564 1040 665 (
1066 564 1110 641 51
1137 565 1153 665 )

392 765 426 814 a
450 730 637 811 Vexillum
662 731 738 806 sive
764 731 920 805 exterior
948 754 1045 829 pars,
1070 729 1188 829 impar
1211 727 1284 828 (1),
1314 730 1415 806 orale
1442 732 1565 831 (Ταῦ.
1595 735 1654 808 V.
1672 735 1749 835 fig.
1775 740 1839 836 2.)

342 855 498 931 colorem
529 853 750 928 uniformem
777 849 924 925 habens.

394 979 432 1074 β.
459 975 535 1048 Alae
555 972 612 1048 vel
633 973 727 1045 binae
743 995 926 1070 compares
942 971 1014 1069 (2),
1038 969 1188 1042 maculis
1213 971 1265 1042 uti
1288 969 1458 1045 labellum
1478 988 1612 1049 ornatae
1635 975 1757 1072 (Tob.
1780 979 1838 1050 V.

336 1101 413 1203 fig.
439 1099 514 1196 3.)
552 1093 704 1168 Macula
736 1092 875 1166 alarum
905 1092 946 1164 in
976 1089 1136 1163 cuticula
1168 1088 1420 1188 deponuntur:
1453 1093 1586 1166 similes
1616 1096 1728 1193 igitur
1758 1112 1843 1171 sunt

346 1218 497 1296 maculis
525 1215 697 1290 foliorum
723 1211 961 1311 eamdemque
984 1211 1161 1311 originem
1182 1208 1330 1284 habent.

910 1443 964 1517 3⁰.
1010 1444 1065 1516 Da
1102 1441 1281 1517 Coronas.

398 1656 545 1732 Vexillo
566 1669 604 1729 et
629 1654 693 1728 alis
719 1653 868 1746 avulsis,
894 1652 1015 1726 adhue
1040 1650 1169 1724 corolla
1196 1667 1360 1725 remanet
1381 1654 1419 1726 in
1443 1653 1531 1728 flore
1554 1655 1712 1729 cuticula
1734 1659 1847 1732 orarii

350 1783 533 1856 destituto.
561 1775 700 1850 Corolla
719 1774 878 1848 adhaeret
894 1772 975 1845 telae
999 1771 1066 1846 sub
1087 1771 1155 1844 hac
1174 1772 1335 1846 cuticula
1356 1771 1526 1871 depositae
1547 1788 1646 1847 etex
1667 1776 1709 1849 eia
1725 1791 1846 1850 ortum

351 1903 452 1977 ducit
479 1899 546 1996 (3).
577 1899 683 1970 Tunc
709 1896 826 1994 petala
855 1892 1013 1966 lateralia
1039 1891 1100 1987 (v.
1129 1891 1243 1991 §26)
1267 1906 1305 1965 et
1329 1892 1500 1967 labellum
1523 1920 1608 1967 cum
1632 1920 1697 1970 suo
1719 1910 1849 1970 exten-

351 2025 470 2113 sione,
496 2019 654 2092 nectario
676 2016 735 2091 vel
759 2015 915 2105 calcare,
941 2011 1083 2086 residua
1106 2024 1266 2085 manent.

402 2173 449 2222 a..
476 2139 599 2216 Petala
634 2137 817 2230 lateralia,
855 2136 931 2210 sive
961 2144 1146 2226 segmenta
1182 2132 1353 2206 interiora
1390 2132 1586 2231 perianthii
1621 2132 1850 2211 delineantur

340 2257 818 2479 βεβιίὶἷὺῖῧηζὶῑξὲἒνὶε
838 2375 1030 2469 dividitur,
1058 2372 1261 2449 delineatur
1288 2373 1381 2447 Tab.
1401 2374 1462 2448 V.
1471 2374 1549 2474 fig.
1569 2374 1605 2449 5.
1623 2376 1696 2466 lm,·
1704 2377 1782 2476 fig.
1809 2377 1849 2452 ,6.

355 2502 926 2715 umLaiirbii·ae1inireriorescalycis
956 2613 1099 2713 (Rich)
1123 2641 1197 2687 non
1222 2614 1372 2689 maculis
1397 2615 1498 2691 velut
1518 2615 1691 2690 labellum
1717 2643 1851 2690 oroan-

356 2754 430 2816 tur.
468 2737 656 2812 Labellum
689 2735 923 2837 conjungitur
955 2760 1040 2808 cum
1080 2736 1327 2834 gynostemio,
1360 2735 1424 2811 sed
1451 2736 1496 2809 ab
1529 2761 1572 2809 eo
1605 2751 1726 2810 tamen
1756 2737 1853 2810 linea

357 2859 519 2934 crassiori
540 2855 657 2930 albidi
678 2855 785 2928 facilc
800 2867 986 2954 separatur
1007 2855 1132 2953 (Tae.
1159 2856 1219 2930 V.
1234 2857 1313 2956 fig.
1336 2857 1374 2932 6.
1395 2858 1454 2955 ο).
1480 2858 1617 2932 Eisdem
1638 2858 1732 2932 linet
1759 2860 1855 2932 inter

356 2978 534 3056 recalcar
556 2990 594 3051 et
616 2977 882 3076 gynostemium
908 2977 1194 3076 distinguuntur.

899 3209 1213 3313 ,saxo-

410 3424 516 3498 Hisce
549 3422 838 3497 distinctionibus
863 3415 1055 3519 institutis,
1079 3423 1325 3523 perianthium
1352 3423 1450 3523 quod
1477 3423 1579 3497 nobis
1603 3425 1763 3523 primum
1793 3424 1857 3501 ilos

361 3545 569 3646 irregularis
603 3541 793 3617 videbatur
824 3544 870 3619 ad
902 3558 1033 3646 typum
1059 3542 1263 3643 regularem
1289 3542 1415 3616 reduci
1440 3556 1568 3643 potest.
1596 3546 1661 3619 Ille
1684 3559 1793 3646 typus
1819 3548 1859 3619 in

360 3667 526 3740 Liliaceis
560 3663 747 3740 invenitur
774 3664 813 3736 in
841 3689 1001 3763 quorum
1029 3688 1226 3738 numerum
1256 3663 1404 3763 quidem
1436 3678 1599 3739 auctores
1628 3666 1739 3765 (vid.
1765 3668 1784 3765 ᾗ
1807 3668 1859 3765 1)

361 3785 560 3860 Orchideas
577 3783 755 3857 raserunt.
770 3784 916 3858 Etenim
931 3808 993 3857 sex
1009 3783 1127 3884 petala
1143 3783 1377 3861 observantur
1387 3787 1425 3857 in
1441 3785 1605 3860 Liliaceis
1618 3812 1773 3886 quorum
1789 3800 1861 3861 tres

308 3962 313 3970 -
362 3908 558 3982 exteriores
569 3902 760 3977 efformant
772 3903 920 3980 calicem
929 3904 1350 4006 coloratum(aliquando
1363 3904 1584 4003 viridem)et
1593 3918 1664 3979 tres
1675 3906 1862 3981 interiores

363 4036 622 4127 repraesentant
644 4023 827 4099 corollam.
857 4027 980 4100 Petala
1006 4024 1069 4099 illa
1090 4039 1177 4100 sunt
1203 4025 1382 4125 regularia
1405 4038 1572 4125 respectu
1595 4025 1739 4120 formoe,
1765 4027 1863 4126 posi-

363 4147 490 4241 tionis,
507 4144 727 4219 directionis.
743 4146 787 4221 In
803 4145 1022 4221 Orchidibus
1034 4147 1162 4222 similia
1178 4146 1431 4248 reperiuntur,
1452 4146 1515 4222 sed
1536 4147 1745 4249 irregularia
1763 4162 1860 4222 sunt.

432 4400 486 4471 (ι)
502 4398 586 4455 Rich.
613 4398 647 4454 de
666 4399 781 4457 orchit.
803 4417 870 4458 ann.
890 4418 953 4474 pag.
970 4404 1005 4458 30

432 4489 486 4560 (a)
506 4487 579 4543 lbid.
599 4487 621 4542 1.
641 4486 664 4541 l.

435 4580 489 4737 {i}
505 4576 704 4725 Quintia
720 4576 824 4650 planta
840 4579 872 4636 ia
890 4580 956 4637 flora
973 4594 1089 4654 proaem
1108 4578 1210 4651 (Lino.
1225 4577 1301 4636 Phil.
1318 4577 1405 4648 tot).
