4388 5834
1029 594 1161 697 (55)

977 857 1006 959 g
1054 856 1220 932 LXVIII.

827 1052 883 1125 Da
918 1050 1161 1128 Gsuosreruo.
1200 1050 1366 1152 (Rich.)

394 1265 660 1343 Celeberrimos
681 1267 854 1343 Richard
867 1266 922 1366 (1)
937 1280 1042 1343 vocat
1058 1269 1357 1366 gynoatemium,
1376 1293 1507 1369 corpus
1522 1292 1567 1344 ex
1584 1283 1742 1372 utroque
1756 1295 1847 1348 sexu

344 1390 661 1464 conferruminatis
683 1391 821 1465 factum
841 1388 856 1488 (
874 1391 966 1463 sao.
991 1390 1051 1464 V.
1064 1390 1142 1491 fig.
1159 1388 1195 1464 5.
1217 1416 1264 1462 ae
1270 1418 1287 1479 3
1297 1388 1374 1490 fig.
1387 1390 1424 1465 6.
1439 1416 1542 1491 agp;
1551 1390 1630 1491 fig.
1645 1395 1681 1471 7.
1687 1391 1766 1492 fig.
1785 1396 1847 1466 10.

334 1508 412 1608 fig.
438 1512 498 1582 11.
532 1511 625 1583 Tot.
651 1510 952 1610 V1.fig.11.).

395 1631 498 1704 Hanc
518 1644 657 1730 partem
680 1631 810 1705 melius
837 1629 1079 1704 determinare
1101 1656 1175 1705 non
1200 1655 1389 1731 possumus
1415 1656 1525 1732 quam
1554 1634 1709 1733 propriis
1730 1633 1853 1713 verbis

346 1750 572 1825 celeberrimi
602 1749 714 1854 hujus
741 1749 912 1824 botanici.

395 1870 672 1970 Gynostemium
690 1883 744 1943 est
761 1895 893 1969 corpus
911 1867 1083 1960 solidum,
1106 1868 1145 1938 in
1167 1865 1255 1941 flore
1271 1867 1518 1963 subcontrale,
1537 1893 1583 1944 ex
1603 1872 1705 1970 apioe
1723 1871 1849 1949 Ovarii

344 1989 456 2064 inferi
476 2004 645 2081 enatum,
674 1989 811 2091 Iormd,
833 1987 1034 2080 structura,
1060 1987 1313 2086 magnitudine
1339 2002 1507 2087 respectu
1532 1989 1578 2065 ad
1601 1990 1730 2065 Culicis
1754 1991 1849 2069 divi·

345 2134 447 2185 suras
467 2112 592 2204 variis,
622 2113 661 2184 in
683 2112 811 2211 quovis
832 2122 954 2182 tamen
977 2130 1111 2206 genere
1139 2106 1314 2205 (odnrissd
1343 2108 1560 2209 quandoque
1586 2110 1851 2186 modificatione

346 2229 447 2330 leri)
467 2229 665 2305 stabilibus.
697 2230 844 2303 Constat
868 2253 912 2302 ex
935 2240 1091 2328 utroque
1119 2251 1210 2301 sexu
1232 2228 1283 2300 itt
1311 2229 1627 2303 conferruminatia
1653 2244 1697 2304 ut
1719 2231 1850 2332 stylina

347 2351 515 2423 materies
537 2351 667 2424 faciem
696 2351 811 2450 ipsius
830 2350 986 2422 anticam
1010 2346 1155 2420 Labello
1177 2346 1362 2422 adversam
1390 2352 1602 2442 constituet,
1628 2349 1851 2426 filamentina

348 2471 520 2569 posticam
541 2471 617 2545 sire
638 2469 803 2544 dorsum:
830 2471 987 2568 priorem
1009 2469 1180 2540 terminat
1202 2467 1358 2568 stigma,
1380 2468 1541 2543 Anthene
1563 2471 1808 2569 posteriorem.

397 2591 590 2667 Methodns
612 2618 721 2692 quam
741 2593 781 2664 in
804 2588 1036 2665 describendo
1058 2589 1128 2663 hoc
1154 2614 1288 2688 organo
1308 2591 1424 2662 secuti
1447 2589 1587 2663 fuimus
1606 2615 1681 2663 non
1703 2591 1852 2664 omnino

348 2737 433 2786 cum
458 2713 645 2811 principiis
660 2711 861 2785 Richardii
884 2712 1067 2810 congruit:
1095 2736 1179 2783 nam
1208 2711 1346 2784 ratione
1363 2707 1484 2783 habits
1505 2711 1593 2783 usus
1613 2734 1850 2811 organorum,

348 2829 579 2905 distinximus
598 2833 637 2903 in
660 2830 882 2930 gynoatemio
905 2843 1045 2928 partem
1074 2828 1365 2929 antheriferam,
1392 2827 1703 2927 (androphorium
1722 2843 1852 2904 auoto-

347 2950 459 3051 rum)
480 2952 725 3049 superiorem,
739 2963 777 3023 et
792 2949 942 3023 alteram
956 2945 1253 3046 stigmatiferam
1265 2947 1524 3047 (foemineam)
1536 2947 1613 3022 sire
1625 2948 1850 3023 inferiorem.

992 3179 1021 3281 g
1069 3179 1205 3252 nxrx.

399 3401 487 3474 Pars
503 3396 734 3500 antherisera
750 3398 938 3473 constituit
957 3397 1142 3497 fastigium
1159 3399 1388 3495 gynostemii:
1404 3411 1459 3472 est
1474 3397 1601 3493 ovalis,
1618 3397 1850 3498 subgloboea3

352 3524 603 3622 componitur,

400 3668 439 3715 a.
466 3641 595 3731 Quoad
624 3665 755 3740 organa
784 3641 929 3739 propria
953 3637 1086 3739 quihus
1112 3650 1269 3713 constat:

404 3767 458 3835 10.
484 3761 654 3853 Locellis‚
688 3764 742 3833 2⁰.
766 3759 991 3853 retinaculo,
1023 3759 1076 3833 3⁰.
1105 3757 1268 3850 rostello,
1300 3756 1354 3850 40.
1382 3755 1583 3850 bursiculd,
1614 3752 1668 3832 50.
1692 3757 1851 3856 septulo,

351 3883 408 3959 60.
438 3881 672 3955 staminodiia

402 4003 440 4075 b.
466 4001 597 4093 Quoad
622 4026 754 4101 organa
782 4023 865 4100 quae
891 4001 1052 4074 eontinet
1077 4014 1115 4074 et
1139 4011 1301 4073 tutatur:

404 4126 458 4195 10.
485 4109 674 4212 dntheria,
701 4123 757 4192 2⁰.
784 4116 997 4194 deridiculis.

402 4242 490 4314 Pars
512 4263 597 4313 vero
621 4236 881 4338 adganasifero
901 4236 1014 4314 basim
1033 4237 1246 4342 gynostemii
1268 4235 1451 4311 efformat:
1475 4247 1528 4310 est
1548 4232 1852 4336 plana-concavo,

352 4357 595 4451 subrotunda3
623 4359 872 4457 componitur:

405 4482 462 4553 10.
486 4478 650 4579 Gyniao,
675 4480 732 4549 2⁰.
757 4477 893 4550 anticio
919 4476 1046 4552 orarii.

425 4733 477 4801 (s)
494 4729 536 4785 De
553 4729 630 4786 oreh.
649 4744 716 4786 ano.
736 4743 766 4799 p.
783 4727 816 4782 26
833 4736 861 4783 et
876 4729 921 4783 δι.
