4388 5834
893 451 981 551 (45
1009 453 1024 554 l

771 712 801 813 g
850 710 944 785 nu.
991 711 1130 811 (aa).

250 923 312 1023 Η·
342 921 550 998 Membrana
578 936 726 998 externa
758 921 911 994 inferior
939 920 998 993 vel
1025 921 1183 994 cuticula
1218 919 1318 994 nobis
1355 922 1464 995 telam
1495 920 1705 995 cellularem

202 1045 428 1145 oblongatam
463 1044 611 1119 exhibet
647 1043 773 1141 (Tab.
808 1043 897 1115 IV.
921 1042 997 1140 fig.
1028 1041 1100 1114 15'.
1132 1042 1182 1139 b)
1216 1042 1321 1144 cujus
1354 1043 1494 1117 cellulae
1527 1044 1706 1143 longiores

202 1167 298 1241 fiunt
319 1191 431 1266 prope
450 1191 580 1241 nervos
601 1165 693 1263 (fig.
713 1162 797 1236 ead.
820 1162 864 1233 bc
878 1163 902 1258 ).
927 1160 991 1234 llla
1010 1160 1215 1234 membrana
1237 1162 1430 1236 obducitur
1448 1177 1485 1236 et
1500 1163 1709 1263 perforatur

203 1287 405 1360 innumeris
435 1287 531 1385 poris
551 1299 589 1360 et
611 1283 790 1385 glandulis
814 1283 1025 1357 miliaribus.
1054 1285 1136 1355 Pori
1160 1284 1214 1355 illi
1240 1283 1394 1357 mirabili
1417 1299 1504 1357 sunt
1525 1283 1707 1357 structurd

203 1420 242 1481 et
274 1409 436 1506 margine
469 1409 630 1480 crassiori
659 1403 900 1479 circumducti
935 1405 1063 1502 (Tau.
1095 1405 1183 1478 IV.
1204 1405 1282 1505 fig.
1313 1405 1373 1479 16.
1401 1406 1459 1505 c).
1501 1406 1707 1482 Inserviunt

204 1526 442 1626 absorptioni,
465 1540 508 1600 ut
529 1527 697 1600 referunt
717 1523 875 1596 botanici
896 1524 909 1619 (
937 1526 962 1620 ).

253 1646 402 1720 Jamdiu
418 1648 515 1720 inter
530 1645 736 1745 plantarum
754 1646 970 1717 anatomicos
986 1644 1153 1718 dissentio
1168 1659 1289 1719 exorta
1308 1661 1377 1740 est,
1394 1660 1520 1720 utrum
1533 1660 1708 1746 tanquam

205 1769 282 1840 veri
316 1769 397 1867 pori
424 1765 551 1839 baberi
583 1764 738 1838 debeant
764 1778 899 1865 puncta
927 1763 988 1836 illa
1016 1765 1160 1858 lucida,
1189 1767 1324 1840 circulo
1352 1770 1457 1867 nigro
1486 1765 1708 1840 circumdata

205 1890 351 1988 quaein
381 1885 600 1959 membranis
625 1884 882 1984 vegetabilium
910 1910 1028 1983 sparsa
1056 1901 1272 1979 occurrunt,
1300 1902 1428 1962 utrum
1456 1913 1541 1963 vero
1565 1888 1709 1962 veritati

205 2010 320 2109 magis
340 2010 387 2081 sit
408 2020 691 2081 consentaneum
717 2008 792 2106 ipsa
819 2006 1024 2078 existimare
1047 2008 1114 2078 nisi
1139 2009 1347 2106 asperitates
1369 2008 1427 2084 vel
1455 2007 1616 2108 globulos
1644 2035 1710 2082 su-

205 2130 366 2231 perficiei
398 2132 556 2228 corporis
593 2129 654 2201 cui
690 2129 901 2200 innituntur
935 2125 1169 2200 adhaerentes.
1211 2130 1390 2203 Posterior
1423 2130 1501 2202 haec
1533 2132 1655 2230 opinio
1688 2158 1711 2204 a

204 2253 390 2354 plerisque
410 2252 495 2328 viris
517 2250 630 2325 doctis
654 2250 878 2339 Germaniae,
912 2250 1010 2348 prior
1031 2275 1118 2324 vero
1141 2277 1160 2323 a
1187 2250 1215 2322 F
1216 2249 1460 2324 rauco-Gallis
1485 2252 1523 2322 in
1546 2249 1709 2323 medium

206 2372 459 2475 proferuntur.
481 2370 639 2445 Proinde
661 2395 754 2470 saepe
776 2372 957 2444 immerito
984 2385 1171 2446 accusatus
1194 2372 1266 2446 fuit
1285 2371 1549 2446 Celeberrimus
1563 2373 1713 2445 Mirhet

208 2496 273 2595 qui
302 2508 425 2568 tamen
451 2518 526 2565 non
553 2506 663 2592 negat
692 2491 839 2565 illarum
866 2494 1093 2567 existentiam
1120 2494 1371 2593 asperitatum,
1403 2493 1711 2594 quemadmodum

208 2612 347 2715 ineius
371 2614 532 2689 favorem
556 2612 629 2714 jana
651 2612 742 2685 dixit
763 2611 920 2686 Illustris
937 2613 1120 2687 Professor
1147 2613 1421 2715 Deafontaines
1446 2617 1512 2716 qui
1533 2615 1710 2689 theoriam
1732 2662 1737 2675 ·

209 2760 381 2835 pororum
408 2732 573 2806 defendit
596 2734 663 2832 (2).
706 2734 710 2741 '

138 2874 148 2891 ·
257 2853 335 2927 Cel.
364 2854 514 2927 Mirbel
542 2865 684 2926 tantum
714 2852 837 2954 adjicit
863 2855 959 2954 ipsos
980 2855 1020 2926 in
1051 2855 1171 2929 medio
1198 2880 1274 2929 esse
1301 2855 1518 2954 perforatos;
1549 2854 1646 2954 quod
1674 2868 1712 2927 et

207 2974 310 3053 nobis
329 2974 439 3047 etiam
458 2973 579 3050 visum
594 2986 659 3045 est.
687 2973 744 3048 Ad
766 2976 966 3073 marginem
988 2975 1158 3049 foliorum
1180 2975 1390 3049 observatur
1409 2973 1549 3076 junctio
1564 2974 1711 3073 epider-

208 3094 350 3171 midum
370 3093 549 3167 facierum
567 3094 762 3192 superioris
777 3108 815 3167 et
830 3094 1030 3188 inferioris,
1050 3097 1126 3172 sive
1141 3095 1369 3196 duplicatura
1388 3095 1506 3169 unicae
1528 3095 1710 3169 cuticulae.

208 3215 331 3315 Margo
355 3214 416 3288 ille
440 3215 589 3288 materie
609 3215 644 3287 ei
668 3213 850 3287 simillimis
872 3214 943 3314 qud
969 3217 1120 3291 maculae
1143 3230 1307 3290 constant
1329 3231 1367 3289 et
1386 3215 1548 3317 ejusdem
1571 3230 1712 3290 naturae

210 3335 402 3410 coloratur.
426 3333 507 3406 Non
531 3331 627 3406 ultra
654 3346 776 3406 tamen
799 3333 877 3408 haec
903 3339 1070 3410 materies
1091 3339 1131 3409 in
1155 3338 1249 3409 facie
1271 3337 1434 3409 inferiori
1459 3335 1710 3434 progreditur,

210 3485 254 3534 es
281 3482 354 3558 quo
382 3452 510 3555 conjici
532 3468 650 3553 posset
672 3453 751 3556 ejus
773 3458 1000 3553 praesentiam
1022 3455 1068 3529 ab
1088 3457 1223 3530 ellectu
1245 3454 1394 3529 luminis
1413 3454 1591 3556 pendere3
1613 3455 1711 3556 quod

207 3577 364 3653 fluidum
382 3577 479 3650 enim
503 3575 639 3650 directe
658 3577 697 3647 in
717 3575 848 3651 faciem
865 3581 1088 3677 superiorem
1105 3579 1275 3653 foliorum
1292 3578 1408 3673 cadit,
1427 3605 1584 3680 quorum
1600 3579 1709 3654 facies

205 3700 379 3795 ‘inferior²
401 3697 542 3776 lumine
566 3698 787 3793 transmisso,
814 3712 955 3776 tantum
980 3701 1222 3778 collustratur.

862 3939 889 4036 g
938 3937 1056 4011 nvn..

261 4131 315 4201 2⁰.
341 4128 384 4200 In
414 4128 666 4231 parencbymis
699 4130 955 4231 distinguimus
988 4136 1041 4204 1⁰.
1070 4131 1178 4207 telam
1208 4130 1444 4225 cellularen13
1476 4134 1529 4205 2⁶.
1559 4133 1708 4232 pulpam

212 4248 385 4340 viridem3
417 4247 470 4319 3⁰.
497 4275 578 4324 vasa
603 4250 813 4325 vascolaria.

278 4502 413 4572 (1)Vid.
432 4503 555 4570 Kroker‚
575 4502 609 4557 do
625 4504 772 4574 Epiderma
788 4503 966 4575 plantarum,
986 4515 1013 4561 et
1032 4505 1151 4573 lllirbel,
1174 4506 1261 4560 Els'm.
1282 4507 1320 4561 de-
1334 4507 1396 4561 bon.

276 4595 327 4667 (a)
344 4594 476 4650 Memoire
491 4611 538 4650 aar
555 4595 764 4668 l'organisatiou
783 4595 830 4651 des
851 4595 945 4668 flaura,
964 4608 1030 4656 tom.
1050 4616 1080 4670 9,
1099 4613 1165 4651 aun.
1185 4597 1223 4651 du
1242 4613 1312 4651 mua
