4388 5834
1025 524 1152 621 (71)

392 692 444 767 50.
472 691 710 766 submisimus
729 691 930 790 portionem
947 690 1080 763 Vexilli
1103 693 1234 763 actioni
1249 691 1435 785 alcolrolis3
1454 707 1491 765 et
1507 691 1645 791 globuli
1662 690 1834 782 visibiles,

343 813 469 885 coloris
491 813 619 904 albidi,
640 815 781 911 exiguae
803 814 1017 884 intensitatis
1039 813 1215 884 efformati
1238 828 1322 887 sunt
1345 815 1469 911 (Tab.
1497 816 1550 887 V
1545 816 1582 887 Ι.
1595 815 1673 913 fig.
1696 813 1793 908 24..)

393 936 447 1009 60.
474 937 595 1008 Portio
630 935 798 1007 foliorum
826 935 997 1006 submissa
1029 936 1101 1007 fuit
1128 936 1245 1008 eidem
1274 935 1429 1034 liquori:
1467 949 1588 1008 textus
1617 932 1834 1007 albescebat:

345 1056 501 1132 vidimus
524 1055 686 1152 globulos
709 1056 770 1128 sed
795 1061 853 1128 via
881 1057 1063 1129 coloratos.

397 1181 448 1254 70.
476 1177 599 1247 Partes
620 1175 754 1248 Labelli
778 1202 859 1273 quae
886 1176 1067 1248 submissae
1092 1177 1238 1248 fuerant
1259 1177 1389 1247 actioni
1413 1175 1581 1248 alcolrolis
1601 1173 1837 1245 exsiccatione
1950 1238 1951 1241 ,

346 1294 505 1369 maculas
536 1320 617 1366 suas
646 1294 766 1365 denuo
799 1294 1053 1367 ostenderunt:
1085 1295 1236 1371 leviores
1266 1297 1489 1371 solummodo
1517 1295 1712 1370 observatae
1739 1305 1835 1367 sunt.

346 1417 470 1515 (rar.
494 1415 579 1487 Vr.
595 1415 673 1514 fig.
698 1414 757 1488 25.
773 1415 798 1512 ).

1013 1650 1042 1747 g
1091 1651 1169 1723 xc.

397 1867 590 1965 Sequentia
620 1889 664 1937 ex
692 1863 789 1937 bisce
817 1866 1072 1963 experimentis
1095 1866 1342 1941 concludenda
1369 1867 1471 1942 nobis
1493 1867 1685 1943 videntur:

399 1992 451 2059 1⁰.
479 1989 666 2059 Actionem
699 1987 882 2059 aridorum
915 2001 952 2058 et
982 1988 1216 2061 alcalinorum
1249 1991 1288 2059 in
1316 1988 1469 2062 colorem
1499 1987 1735 2087 vegetabilem
1770 1989 1842 2060 virn

349 2133 534 2197 exercere,
557 2109 675 2205 priora
704 2107 832 2196 rubro,
856 2110 1067 2206 posteriores
1090 2135 1174 2206 vero
1200 2109 1302 2182 viridi
1324 2111 1441 2182 colore
1464 2112 1643 2182 inliciunt.

400 2230 453 2297 2⁰.
482 2226 633 2298 Mutatio
667 2224 712 2297 ab
744 2227 853 2298 acidis
881 2227 1029 2316 effecta,
1059 2229 1218 2326 primum
1247 2257 1312 2329 per
1342 2233 1525 2328 integram,
1547 2254 1695 2301 massam
1723 2241 1845 2301 textus

352 2348 509 2445 organici
528 2347 753 2438 extenditur,
776 2346 837 2418 scd
859 2374 939 2419 mox
958 2350 1127 2446 quoniam
1147 2353 1327 2448 quantitas
1349 2352 1510 2423 materiei
1527 2348 1716 2422 colorentis
1732 2345 1844 2446 major

350 2471 462 2541 estin
486 2467 642 2558 cellulis,
666 2469 758 2540 actio
779 2469 829 2539 ibi
852 2471 959 2541 etiam
985 2471 1191 2560 violentior,
1217 2471 1368 2545 effectus
1391 2471 1540 2544 validior
1561 2483 1625 2542 est.

400 2588 536 2660 Etdem
566 2591 706 2661 actione
733 2590 896 2661 materies
926 2589 1084 2661 colorans
1115 2593 1316 2663 concressit.
1349 2588 1437 2663 Inde
1465 2588 1601 2689 globuli
1629 2602 1666 2661 et
1687 2611 1844 2662 vacuum

352 2736 424 2810 quo
451 2737 469 2781 a
500 2710 697 2808 parietibus
723 2710 937 2784 cellularum
964 2726 1187 2811 separantur.
1218 2712 1420 2785 Parietibus
1444 2713 1583 2783 actione
1609 2720 1845 2809 permanente

351 2831 443 2904 acidi
470 2830 678 2920 destructis,
702 2830 835 2928 globuli
861 2831 993 2902 residui
1018 2845 1176 2903 manent.

398 2953 451 3025 3⁰.
479 2952 582 3022 Actio
619 2951 853 3025 alcalinorum
892 2952 1028 3025 nullam
1068 2954 1234 3051 producit
1263 2953 1539 3024 concretionem.
1578 2949 1842 3046 Evaporatione

353 3073 558 3162 ammoniae,
580 3074 745 3142 materies
768 3072 927 3144 colorans
953 3099 1033 3170 quae
1056 3072 1189 3144 volatili
1212 3071 1273 3143 illo
1294 3072 1432 3169 liquore
1456 3068 1625 3142 dissoluta
1645 3068 1736 3158 fuit,
1760 3092 1845 3140 cum

352 3189 414 3262 illo
437 3192 634 3282 evanescit;
665 3190 804 3263 cellulae
828 3217 949 3263 vacuae
972 3205 1132 3263 manent.
1161 3190 1250 3264 Inde
1273 3191 1413 3264 albidus
1434 3217 1559 3264 earum
1582 3188 1689 3261 color.

402 3311 455 3398 40.
484 3311 672 3381 Concretio
695 3312 858 3382 materiei
881 3309 1069 3384 colorantis
1092 3338 1155 3385 seu
1177 3313 1274 3409 quod
1298 3312 1422 3384 ecdem
1449 3312 1559 3398 redit,
1584 3310 1750 3381 formatio
1767 3307 1846 3404 glo-

352 3427 542 3519 bulorum,
569 3453 612 3500 eo
641 3428 754 3528 major
781 3443 834 3501 est
859 3455 932 3527 quo
956 3431 1104 3503 validior
1136 3433 1228 3502 actio
1255 3431 1415 3503 clrcmica
1447 3457 1637 3530 corporum
1666 3453 1731 3528 per
1757 3453 1846 3526 quos

353 3562 473 3622 textus
499 3548 722 3646 exploratur.
751 3551 918 3622 Actiones
941 3550 1109 3622 alcolrolis
1136 3564 1172 3622 et
1194 3551 1286 3624 acidi
1307 3552 1428 3625 uitrici
1450 3550 1652 3651 coniunctae
1678 3573 1758 3623 eam
1782 3572 1847 3620 ve-

353 3671 495 3741 ritatem
518 3669 682 3766 probant.

405 3790 459 3864 50.
486 3791 675 3861 Concretio
702 3791 809 3861 etiam
837 3789 1007 3862 alcolrolis
1028 3791 1160 3863 effectu
1188 3792 1354 3865 efficitur.

404 3910 459 3983 60.
487 3910 667 3999 Quoniam
694 3912 813 3981 omnia
846 3936 992 4008 corpora
1017 3937 1097 4010 quae
1118 3916 1181 3985 suri
1208 3915 1347 3984 actione
1373 3910 1534 3985 chemicd
1557 3908 1711 4009 globulis
1736 3910 1846 4005 origi-

354 4055 439 4104 nem
464 4031 648 4128 praebent,
687 4031 821 4102 colores
849 4031 1031 4121 afficiunt,
1064 4047 1100 4105 et
1136 4035 1306 4131 quoniam
1337 4032 1491 4124 nullibi,
1523 4033 1593 4103 nisi
1622 4027 1847 4101 intestibus

356 4149 518 4222 coloratis
546 4151 681 4249 globuli
696 4139 975 4248 producuntur,
1005 4151 1105 4224 nobis
1131 4153 1217 4225 licet
1243 4157 1381 4253 opinari
1410 4153 1575 4253 globulos
1593 4153 1744 4226 effectus
1770 4175 1848 4222 esse

356 4271 502 4341 actionis
528 4270 658 4342 horum
688 4297 877 4368 corporum
903 4273 940 4342 in
971 4272 1145 4361 colorem,
1173 4274 1309 4348 scilicet
1335 4279 1374 4347 in
1402 4278 1588 4348 materiem
1614 4273 1846 4348 colorantem.

354 4389 469 4488 igitur
492 4388 626 4486 globuli
651 4389 742 4463 nibil
763 4405 848 4464 sunt
869 4392 939 4464 nisi
963 4391 1125 4495 ejusdem
1148 4399 1311 4470 materiei
1334 4399 1591 4471 concretiones.

985 4693 1204 4772 TANTUM.
1305 4731 1311 4739 ·
