4388 5834
1029 647 1115 748 (47
1144 646 1159 747 )

344 822 470 897 cubica
495 847 618 921 aquae:
644 822 695 893 sic
716 817 943 918 absorptione
964 814 989 908 4
1014 828 1255 890 evanuerunt.
1283 813 1383 912 (Vas
1399 813 1634 888 claudebatur
1651 812 1747 886 disco
1765 840 1846 888 me-

344 943 466 1017 tallico
489 968 555 1042 per
572 941 677 1044 cujus
697 941 859 1012 foramen
882 937 1055 1011 transibat
1076 940 1173 1011 turio
1193 938 1346 1037 plautae,
1370 938 1414 1010 ad
1434 940 1722 1037 evaporationem
1740 951 1846 1010 nota-

342 1065 455 1140 bilem
481 1062 786 1164 impediendam).
817 1061 983 1133 Durante
1012 1062 1261 1160 experimento
1283 1061 1401 1157 viguit
1423 1060 1565 1158 plauta3
1594 1075 1773 1151 attamen,
1804 1074 1848 1135 ut

346 1185 643 1287 supradiximus,
663 1180 814 1256 maculae
831 1181 1002 1254 foliorum
1021 1180 1137 1253 oculis
1148 1205 1223 1253 sese
1239 1178 1511 1273 subduxerunt,
1526 1179 1632 1253 tuber
1647 1183 1849 1280 praesertim

346 1305 532 1381 volumine
551 1303 766 1402 augebatur.
790 1302 835 1375 13
851 1301 937 1374 Dies
953 1312 1032 1399 post
1054 1299 1262 1373 inchoatum
1285 1304 1595 1401 experimentum,
1619 1303 1849 1378 animadver-

347 1407 457 1500 timus
474 1425 519 1498 ad
536 1423 647 1526 hujus
664 1424 789 1524 organi
803 1423 1051 1522 superficiem,
1069 1420 1166 1519 quod
1183 1416 1372 1521 nunquam
1393 1424 1432 1494 in
1455 1436 1549 1497 statu
1571 1422 1728 1495 naturali
1744 1422 1849 1497 vide·

345 1575 485 1640 ramus,
518 1545 664 1620 librillas
685 1544 837 1635 albidas,
867 1545 1095 1632 tenerrimas,
1127 1544 1238 1616 unius
1262 1544 1320 1618 vel
1348 1543 1504 1616 duorum
1534 1544 1847 1634 millimetrorum‚

346 1670 543 1770 praesortim
565 1668 611 1760 ad
630 1681 770 1768 partem
793 1663 873 1768 ejus
890 1664 1034 1737 bifidam
1058 1679 1254 1738 nascentes.
1276 1665 1450 1764 Analogia
1474 1667 1675 1764 positionis,
1700 1666 1848 1759 formae,

347 1791 571 1882 directionis,
595 1789 740 1879 coloris,
762 1800 854 1881 etc,
876 1786 997 1859 effecit
1017 1799 1060 1859 ut
1077 1788 1170 1885 ipsas
1195 1786 1414 1860 referremus
1435 1787 1485 1860 ad
1505 1787 1583 1860 illas
1603 1786 1749 1859 fibrillas
1766 1812 1848 1885 quae

346 1910 449 1985 nobis
465 1923 699 1987 occurrerant
719 1910 757 1981 in
779 1906 961 1982 tuberculi
981 1922 1019 1982 et
1039 1907 1237 1999 radicibus,
1258 1921 1296 1981 et
1317 1908 1450 2007 quibus
1471 1934 1605 1981 nomen
1633 1906 1849 1981 fibrillarum

345 2033 584 2108 suctoriarum
609 2029 834 2104 dederamus.
862 2029 977 2102 Tanta
997 2031 1111 2128 igitur
1133 2043 1186 2102 est
1207 2031 1370 2101 attractio
1391 2031 1548 2129 corporis
1571 2027 1780 2128 vegetabilis
1802 2027 1849 2100 ad

348 2174 479 2255 aqrmm
509 2153 581 2252 qud
608 2153 789 2243 nutritur,
822 2164 865 2224 ut
893 2175 1025 2249 organa
1053 2151 1311 2224 rudimentaria
1344 2149 1463 2225 subito
1489 2165 1683 2223 nascantur
1710 2163 1747 2222 et
1772 2170 1854 2222 sese

347 2272 544 2353 extendant
563 2274 604 2347 in
625 2270 696 2346 alio
719 2297 852 2373 organo
876 2270 975 2374 quod
1002 2271 1123 2371 ipsum
1146 2272 1207 2349 vix
1230 2271 1428 2349 formatum
1452 2271 1567 2345 videri
1592 2281 1722 2371 potest.

1006 2505 1185 2606 §une

396 2725 661 2800 Celeberrimus
682 2727 832 2799 Mirbel
855 2723 1007 2797 affirmat
1033 2726 1214 2798 turionem
1239 2727 1392 2825 impune
1418 2753 1442 2800 a
1461 2726 1583 2827 planti
1607 2729 1783 2826 separari,
1811 2740 1850 2801 et

346 2846 418 2920 sold
439 2848 657 2947 propriique
679 2847 811 2919 actioni
836 2845 935 2920 vitali
952 2845 1075 2944 vigere
1095 2871 1208 2945 posse.
1232 2847 1345 2920 Turio
1367 2849 1466 2919 enim
1487 2848 1616 2946 magud
1639 2851 1676 2921 ri
1698 2846 1848 2947 absorp-

348 2970 454 3042 tionis
480 2967 645 3067 gaudere
668 2966 824 3041 videtur.
856 2967 898 3038 In
926 2966 1163 3039 determinati
1191 2993 1293 3066 aquae
1317 2970 1518 3066 quantitate
1547 2969 1726 3041 turionem
1749 2968 1849 3042 radi-

348 3087 464 3179 cibus,
487 3087 615 3160 tubere
631 3100 669 3160 et
684 3086 875 3161 tuberculo
891 3085 1104 3161 destitutum
1124 3089 1330 3186 posuimus,
1351 3100 1391 3159 et
1404 3112 1471 3186 per
1489 3110 1650 3160 mensem
1667 3089 1848 3188 integram

347 3207 482 3307 absque
503 3207 565 3283 itta
586 3207 729 3281 laesione
752 3209 884 3309 plantae
912 3210 1147 3284 servavimus.
1175 3209 1257 3282 Non
1278 3207 1425 3307 quidem
1448 3207 1635 3283 volumine
1650 3223 1756 3283 aucta
1773 3224 1846 3284 est:

347 3343 509 3429 tempore
535 3329 774 3401 immersionis
800 3329 897 3403 turio
924 3329 1126 3402 innumeris
1157 3330 1247 3401 adris
1281 3326 1430 3400 bullulis
1458 3327 1721 3402 obducebatur:
1750 3329 1848 3428 quod

349 3451 575 3548 praesentiam
600 3450 757 3547 corporis
778 3448 978 3522 adriformis
998 3450 1037 3521 in
1060 3448 1200 3523 cellulis
1223 3446 1301 3546 ejus
1318 3472 1550 3546 squamarum
1571 3446 1741 3521 denotare
1762 3475 1848 3549 pos-

347 3583 421 3663 set;
442 3569 504 3642 sed
529 3569 592 3640 has
615 3569 711 3667 poris
736 3592 859 3641 carere
880 3567 951 3662 iam
975 3568 1143 3642 diximus

395 3688 659 3763 illustrissimus
682 3689 834 3761 Bonnet
850 3688 1108 3763 demonstravit
1123 3688 1315 3760 maximam
1333 3688 1407 3760 vim
1424 3685 1658 3787 absorptionis
1675 3688 1846 3764 soliorum

348 3807 393 3882 ad
413 3808 544 3882 faciem
562 3832 690 3882 eorum
705 3807 914 3881 inferiorem
931 3810 1134 3908 pertinere:
1152 3822 1311 3883 attamen
1327 3808 1595 3885 observavimus
1611 3811 1649 3881 iu
1667 3810 1844 3903 Orchide,

349 3929 448 4003 illam
471 3930 546 4005 rim
569 3955 677 4029 quam
701 3930 852 4002 minime
869 3930 912 4032 in
935 3929 1091 4029 utrique
1114 3931 1304 4030 superficie
1327 3928 1491 4021 differre,
1515 3931 1545 4001 si
1564 3929 1711 4029 quidem
1738 3930 1845 4003 diffe-

308 4149 309 4152 ,
349 4052 464 4125 rentia
491 4051 695 4124 intercedit.
723 4052 794 4124 Per
814 4049 859 4124 15
883 4050 958 4123 dies
975 4065 1012 4124 et
1030 4051 1205 4151 amplius,
1232 4054 1364 4124 intacta
1387 4052 1609 4124 servavimus
1632 4049 1717 4123 folia
1742 4077 1844 4151 aquae

347 4170 406 4246 vel
432 4170 526 4244 facie
553 4171 716 4244 inferiori
745 4169 805 4246 vel
834 4170 927 4246 facie
953 4175 1130 4274 superiori
1158 4172 1418 4248 incumbentia.
1455 4174 1689 4250 Doctissimus
1722 4175 1844 4248 Linck

349 4291 445 4368 idem
466 4293 507 4367 in
531 4291 625 4367 foliis
648 4291 740 4368 alius
761 4291 968 4394 vegetabilis
994 4295 1216 4370 obtinuerat.
