4388 5834
903 588 1033 691 (23)

233 855 1711 896 W

745 1062 905 1197 Pars
982 1059 1192 1194 tertia.

224 1399 533 1485 ANATOME'
608 1399 689 1480 ΕΤ
766 1395 1210 1482 PHYSIOLOGIA
1281 1394 1714 1482 ORGANORUM·

694 1832 929 1944 PRIMA
990 1866 1246 1940 suerro.

579 2077 646 2142 nu·
695 2073 935 2142 ottululs
995 2071 1360 2139 NU'IIII'IIONIS.

694 2281 738 2351 A.
789 2278 998 2351 Autsoun
1043 2301 1248 2351 errrore.

783 2408 786 2415 ·
819 2471 848 2542 Ι.
890 2472 954 2543 De
984 2469 1124 2544 radice.

845 2663 876 2763 S
921 2662 1101 2738 XXXIII.

274 2834 376 2907 Licet
396 2831 631 2908 tuberculum
650 2832 804 2906 inferius
825 2827 1090 2903 Orchidearum
1114 2853 1209 2908 rerae
1234 2830 1362 2904 radicis
1383 2831 1530 2908 nomine
1550 2831 1719 2933 opleris-

225 2977 299 3054 que
323 2953 530 3027 auctoribus
559 2953 771 3053 insignitum
797 2950 931 3041 suerit,
960 2974 1026 3021 nos
1052 2947 1146 3024 illud
1178 2948 1352 3025 hebemus
1380 2951 1554 3050 tunqudm
1589 2975 1719 3026 verum

224 3072 503 3150 hibernaculum
523 3099 600 3174 quo
618 3073 741 3173 planta
764 3085 848 3146 ante
869 3069 1114 3146 evolutionem
1135 3070 1348 3146 includitur.
1373 3070 1449 3145 Cel
1467 3072 1651 3171 §prengel
1664 3071 1720 3169 (1)

223 3216 298 3267 non
326 3194 371 3266 ab
400 3195 470 3268 hic
501 3194 669 3296 opinione
701 3192 854 3285 recedit,
888 3191 1074 3292 quoniam
1093 3190 1326 3267 tuberculum
1360 3192 1533 3292 tanquim
1561 3218 1721 3293 gemmas

224 3312 493 3407 subterraneos,
526 3314 746 3414 perennibus
777 3313 909 3412 plantis
945 3313 1124 3413 proprios,
1158 3313 1358 3407 existimet3
1399 3312 1531 3412 quibus
1568 3314 1720 3413 gemmis

224 3431 364 3508 Nature
399 3434 706 3510 conservationem
735 3433 1026 3507 rudimentorum
1057 3433 1171 3506 caulis
1203 3432 1426 3506 ascendentis
1454 3433 1586 3532 plantae
1616 3459 1718 3507 com-

224 3554 334 3628 misit.
388 3553 436 3627 Et
471 3552 597 3630 reveri
639 3554 758 3626 omnio
796 3566 1013 3653 argumenta
1052 3576 1134 3652 quae
1174 3576 1222 3626 ex
1264 3551 1509 3628 observatione
1550 3551 1719 3626 Orchidis

225 3675 470 3769 deducemus,
501 3699 586 3748 cum
613 3673 724 3748 hacce
753 3674 931 3748 sententid
958 3687 1176 3774 congruunt.
1203 3674 1246 3750 In
1271 3672 1390 3749 bulbis
1414 3700 1584 3751 verorum
1606 3675 1718 3749 lilia·

226 3822 408 3890 caeorum,
452 3820 610 3896 equomae
651 3795 869 3868 teneriorem
896 3793 1016 3868 adbuc
1046 3793 1208 3894 plantem
1239 3795 1408 3872 adversus
1439 3797 1530 3870 adris
1567 3793 1717 3896 injurios

225 3932 264 3992 et
300 3942 423 3992 causas
455 3929 622 3990 externas
653 3915 787 3991 solvam
821 3928 860 3988 et
888 3914 1099 3988 incolumen
1131 3928 1326 4015 praesunt3
1367 3940 1449 4016 quae
1486 3940 1644 4015 equnmae
1677 3916 1719 3986 in

226 4037 426 4114 tuberculis
454 4036 718 4113 Orchideorum
744 4037 891 4111 omnino
917 4035 1185 4131 desiderentur,
1213 4038 1282 4114 nisi
1308 4063 1393 4112 cum
1418 4035 1491 4110 illis
1511 4059 1721 4134 comparere

225 4157 317 4235 velis
341 4183 401 4233 eas
431 4183 513 4259 quae
541 4160 580 4232 in
607 4160 756 4233 turione
776 4158 853 4236 eive
877 4157 1158 4251 rudimentcrio,
1191 4159 1266 4235 eive
1293 4157 1437 4233 evoluto
1464 4158 1716 4232 inveniuntur.

226 4280 320 4371 Quis
346 4280 444 4354 enim
474 4281 610 4353 inficias
638 4279 706 4353 ibit
731 4277 918 4355 tubercula
956 4278 1106 4383 pulpum
1136 4278 1432 4380 mucilaginosom
1458 4305 1533 4352 non
1558 4274 1721 4377 praebere

225 4398 360 4500 plentoe
381 4424 463 4500 quae
477 4399 724 4475 evolutionem
748 4399 866 4499 cepit'l
894 4400 1020 4492 Quum
1041 4400 1119 4475 haec
1143 4400 1256 4500 pulpa
1272 4402 1470 4486 evanescit,
1496 4401 1718 4474 increscente

229 4519 437 4622 vegetabili,
463 4519 652 4595 tuberculo
678 4547 792 4599 vocuo
814 4523 1018 4622 crispantur
1040 4535 1080 4597 et
1099 4534 1258 4622 pereunt
1282 4520 1391 4595 etiam
1415 4533 1496 4621 post
1520 4532 1642 4595 ortum
1657 4543 1719 4592 re-

293 4734 344 4805 (1)
360 4731 470 4790 Liuooi
487 4733 560 4806 phil.
584 4733 642 4789 bot.
