4388 5834
923 496 1052 598 (33)

288 660 428 767 Vagina
457 688 529 740 non
560 668 707 741 omnino
740 664 904 740 tubulata
935 677 1009 758 est,
1042 688 1126 740 nem
1154 661 1284 737 bifarie
1310 663 1356 738 ad
1386 666 1561 764 originem
1593 666 1733 742 laminae

237 787 317 862 solii
340 787 513 862 dividitur
536 787 660 885 (Tac.
683 788 747 861 11.
762 787 841 885 fig.
865 786 926 879 24.
954 786 1016 884 b).
1127 832 1130 839 -

288 909 324 981 b.
350 911 500 981 Lamina
523 909 676 982 formam
697 907 786 980 folio
806 904 954 1005 praebet.
982 905 1115 978 Ortum
1136 904 1238 978 ducit
1258 907 1425 1005 evagina
1447 932 1530 1007 quae
1551 909 1644 982 nihil
1661 924 1732 1004 est,

233 1043 280 1103 ut
302 1032 353 1102 ita
375 1029 510 1119 dicam,
531 1029 599 1101 nisi
622 1027 778 1128 petiolua
803 1026 975 1125 vaginam
1001 1023 1126 1122 (Tac.
1143 1020 1207 1098 ΙΙ.
1222 1025 1300 1125 fig.
1328 1028 1389 1100 25.
1416 1029 1475 1126 b).

288 1150 420 1247 Figura
445 1148 522 1222 folii
545 1149 853 1223 circumscribitur
876 1159 984 1220 acuto
1005 1148 1167 1245 margine
1190 1146 1319 1219 effecto
1341 1172 1388 1219 ex
1412 1149 1598 1249 junctione
1621 1152 1735 1226 facie-

236 1300 321 1349 rum
359 1271 552 1372 superioris
590 1283 627 1344 et
665 1264 871 1361 inferioris,
910 1270 959 1344 ita
995 1284 1039 1344 ut
1072 1269 1358 1370 parenehymum
1398 1296 1516 1372 usque
1552 1274 1598 1347 ad
1635 1274 1734 1350 hunc

236 1398 437 1495 marginem
458 1417 533 1465 non
555 1389 785 1464 extendatur.
815 1381 900 1462 lloec
925 1387 1134 1462 membrana
1155 1403 1245 1462 tuno
1264 1380 1446 1489 pellucido
1468 1408 1642 1467 remanet.

284 1516 420 1615 Pagina
442 1512 607 1614 superior
631 1508 782 1584 maculis
803 1509 1095 1609 atro-purpureis
1114 1507 1186 1581 sola
1211 1509 1459 1608 distinguitur.
1488 1511 1558 1586 Sed
1583 1514 1733 1588 maculis

234 1632 307 1713 illis
326 1634 371 1712 ad
387 1630 609 1710 anatomiam
629 1632 809 1705 internam
823 1627 1109 1730 pertinentibus,
1132 1625 1177 1702 ad
1200 1642 1310 1729 caput
1328 1628 1501 1705 lectorem
1518 1632 1733 1709 dimittimus

236 1760 276 1834 in
298 1780 376 1859 'quo
403 1749 449 1829 de
468 1751 534 1829 'illa
561 1758 701 1853 agetur.

283 1879 384 1953 Nihil
401 1877 446 1951 de
467 1872 720 1976 perloliatione
740 1862 853 1943 locuti
870 1868 1024 1961 luimus,
1047 1870 1132 1968 quia
1150 1868 1190 1942 fit
1205 1862 1246 1941 in
1265 1862 1409 1943 turione
1432 1862 1536 1974 cujus
1550 1876 1732 1948 structura
1751 1864 1755 1870 ¹

234 1999 334 2074 illam
358 1994 457 2070 facili
482 1992 588 2067 modo
611 1989 771 2063 iudicare
791 2000 922 2089 potest.

286 2124 340 2191 2⁰.
369 2114 499 2208 Quoad
520 2112 767 2213 superficiem,
803 2110 842 2181 in
864 2106 961 2181 foliis
981 2104 1238 2206 distinguimus
1256 2107 1427 2207 paginam
1452 2109 1674 2208 superiorem
1693 2126 1732 2185 ¹et

233 2240 402 2341 paginam
428 2236 652 2308 inferiorem.

282 2385 321 2431 a.
348 2352 527 2429 Omnibus
553 2350 726 2426 botanicis
751 2348 835 2421 satis
867 2347 1058 2423 innotescit
1086 2348 1255 2449 paginam
1281 2349 1503 2448 superiorem
1533 2351 1733 2426 excretioni

234 2504 309 2554 esse
324 2477 553 2578 aptissimam.
579 2470 774 2545 Obscurior
790 2467 870 2570 ejus
884 2469 998 2562 color,
1014 2472 1222 2570 superficies
1239 2470 1454 2571 laevigatur,
1470 2471 1625 2546 lucidior
1637 2472 1731 2549 illud

232 2597 423 2674 manifeste
437 2593 604 2694 probant.
627 2592 797 2663 Attamen
818 2588 896 2662 haec
914 2589 1094 2663 distinctio
1114 2592 1154 2665 in
1175 2590 1380 2666 orchidibus
1399 2610 1475 2665 non
1495 2593 1594 2666 tanti
1610 2592 1731 2667 facili-

232 2733 306 2793 tate
332 2718 473 2790 institui
504 2727 642 2814 potest:
678 2713 813 2785 etenim
835 2708 932 2784 color
964 2710 1088 2787 viridis
1114 2704 1279 2788 eamdem
1306 2714 1385 2787 fere
1410 2715 1654 2790 intensitatem
1684 2715 1731 2790 ad

229 2852 425 2936 utramque
449 2837 618 2935 paginam
645 2830 765 2905 habet.

279 2960 323 3031 ln
359 2956 549 3056 superficie
585 2954 770 3053 superiore
799 2950 877 3025 lolii
910 2974 1053 3051 semper
1089 2951 1298 3030 observatur
1327 2956 1483 3029 maxima
1511 2948 1728 3031 lineolarum

230 3079 352 3179 copia,
379 3074 452 3176 qui
474 3087 527 3148 tot
549 3097 720 3173 purorum
743 3072 852 3145 series
873 3070 1033 3144 indicare
1056 3071 1227 3147 ridentur
1251 3066 1372 3168 (Tot.
1395 3074 1459 3147 11.
1473 3074 1553 3174 fig.
1574 3078 1636 3154 27.
1650 3077 1677 3174 ).

280 3201 316 3273 b.
342 3200 478 3300 Pagina
510 3196 662 3271 inferior
696 3191 898 3269 secundum
931 3216 1056 3267 omnes
1090 3191 1273 3265 botanicos
1302 3190 1521 3293 absorptioni
1558 3197 1727 3289 inservit,

229 3319 328 3422 quod
349 3332 522 3419 praeterea
540 3316 721 3416 colligitur
740 3340 788 3387 ex
803 3315 1005 3391 innumeris
1019 3315 1117 3415 poris
1131 3312 1266 3414 'quibus
1281 3313 1344 3388 illa
1366 3315 1476 3389 facies
1492 3316 1728 3418 distinguitur

227 3442 354 3542 (Tac.
374 3441 439 3514 ΙΙ.
453 3438 533 3537 fig.
556 3437 618 3511 26.
641 3436 698 3534 c).

277 3562 332 3636 3⁰.
352 3559 448 3633 Folia
461 3557 635 3631 dicuntur
647 3555 877 3634 multinervia
891 3569 1056 3656 respectu
1067 3576 1261 3631 nervorum
1275 3553 1339 3653 qui
1348 3572 1413 3653 per
1424 3555 1499 3654 ipsa
1511 3553 1726 3631 decurrunt.

276 3680 388 3757 Nervi
416 3680 513 3754 enim
547 3678 819 3775 conspiciuntur
843 3702 888 3750 ex
910 3676 1065 3774 utrique
1094 3675 1174 3748 folii
1199 3687 1324 3774 parte,
1354 3677 1518 3775 quamvis
1545 3678 1658 3777 magis
1685 3680 1726 3753 iu

225 3812 419 3903 prospectu
460 3826 506 3875 ex
539 3798 670 3900 pagini
696 3786 867 3872 ‘inferiori
898 3810 1095 3897 appareant
1135 3795 1260 3892 (Tac.
1296 3796 1359 3869 ΙΙ.
1389 3795 1468 3895 fig.
1495 3796 1557 3871 26.
1590 3797 1639 3869 bb
1668 3823 1725 3886 ας

217 3920 294 4021 fig.
314 3924 374 4001 27.
396 3944 474 3993 aaa
487 3922 512 4020 ).
544 3920 644 3994 Inter
670 3943 799 3997 nervos
822 3940 957 3995 nervus
983 3914 1124 3991 medius
1151 3916 1293 3991 caeteris
1320 3913 1434 4019 major
1460 3928 1569 4017 atque
1596 3916 1724 3991 fortior

227 4042 475 4141 distinguitur.

1334 4155 1358 4231 5
